2305 3407
1931 193 1966 224 31

160 324 287 355 domini
313 322 548 356 Cardinalis....
575 326 742 364 quatenus
768 324 883 356 vellint
908 326 938 356 et
964 324 1108 356 debeant
1133 324 1240 356 eidem
1268 325 1428 364 magistro
1455 324 1645 365 Augustino
1671 327 1760 363 dare,
1786 327 1918 359 solvere
1943 331 1973 359 et

159 386 343 417 exbursare
369 386 531 427 pecunias
557 387 768 418 necessarias
794 396 853 427 pro
878 386 1052 418 assidibus
1078 387 1224 424 intarsie,
1250 386 1341 418 chori
1367 389 1398 418 et
1423 387 1498 419 aliis
1517 387 1756 427 lignaminibus
1774 390 1975 421 necessariis

162 449 327 479 habendis
352 450 383 479 et
408 447 560 479 emendis
585 456 622 479 ac
648 449 747 479 etiam
790 457 849 489 pro
891 448 1043 480 mercede
1084 449 1203 489 ipsius,
1245 450 1473 489 operariorum
1508 452 1538 481 et
1565 451 1800 490 magistrorum
1827 453 1857 481 et
1885 452 1972 482 victu

161 511 346 547 solvendis,
374 510 540 542 habendis
566 512 597 541 et
622 510 786 547 emendis,
812 511 852 541 ad
882 511 944 542 hoc
971 512 1004 542 ut
1031 511 1139 550 possit
1166 520 1380 551 perseverare
1407 513 1437 542 in
1465 521 1566 552 opere
1584 514 1614 543 et
1634 512 1839 552 perfectione
1866 513 1974 553 ipsius

160 573 265 611 chori,
291 573 385 604 aliter
411 573 498 604 enim
526 573 598 612 ipse
625 573 784 612 magister
811 572 1022 613 Augustinus
1049 575 1255 613 protestatus
1281 573 1343 605 fuit
1368 576 1397 605 et
1425 576 1628 614 protestatur
1656 577 1769 606 contra
1797 576 1891 615 ipsos
1916 576 1976 606 do-

161 636 270 667 minos
297 634 455 673 Priorem,
482 635 771 671 locumtenentem,
798 636 964 666 sindicum
991 638 1021 666 et
1048 638 1294 676 procuratorem
1337 636 1426 676 quod
1455 645 1511 676 per
1538 637 1647 676 ipsum
1687 638 1881 677 magistrum
1910 637 1977 668 Au—

161 699 332 739 gustinum
360 707 425 729 non
452 698 554 729 stabit
581 706 639 728 nec
665 700 730 728 stat
757 707 865 738 neque
891 699 988 729 etiam
1017 698 1128 735 stabit,
1155 699 1337 738 quominus
1364 698 1492 729 laboret
1518 701 1549 730 et
1576 702 1766 739 perseveret
1795 700 1836 730 ad
1867 700 1975 739 ipsum

162 760 298 791 chorum
325 762 355 791 et
382 759 619 799 perfectionem
647 760 755 799 ipsius
781 762 811 791 et
839 761 868 790 in
896 770 1008 800 opere,
1035 762 1064 791 et
1091 762 1259 800 promissa
1286 770 1343 801 per
1368 770 1442 792 eum
1480 761 1674 801 adimpleat,
1700 764 1730 792 et
1756 762 1796 793 de
1824 762 1977 793 inobser-

162 823 303 853 vacione
330 822 393 853 sibi
421 822 688 862 promissorum;
715 824 745 853 ct
771 822 861 862 quod
900 823 962 853 nisi
1002 824 1142 863 pecunie
1168 811 1394 854 exbursentur
1419 825 1449 854 et
1474 823 1675 854 atendantur
1712 824 1775 855 sibi
1811 824 1977 864 promissa

161 884 385 926 pariformiter
411 885 483 925 ipse
511 894 575 915 non
604 885 834 924 perseverabit
862 886 891 915 in
919 894 1020 925 opere
1046 887 1076 916 et
1103 894 1167 915 non
1210 885 1343 916 atendet
1374 886 1552 925 promissa,
1579 888 1610 916 et
1642 886 1740 917 etiam
1778 888 1892 917 contra
1918 895 1977 917 eos

161 948 202 978 de
227 947 316 978 omni
343 947 445 984 dollo,
473 946 583 983 mallo,
610 956 700 978 mora
727 949 758 978 et
785 947 986 987 negligentia
1012 949 1043 978 et
1069 948 1109 978 de
1136 947 1388 978 inobservantia
1416 948 1659 987 prmiussorum
1686 957 1723 979 ac
1749 948 1790 979 de
1820 948 1979 979 omnibus

161 1010 269 1050 ipsius
296 1010 443 1050 magistri
472 1008 650 1050 Augustini
678 1010 846 1049 dampnis,
874 1010 1034 1041 interesse
1060 1012 1091 1040 et
1116 1010 1279 1049 expensis
1304 1012 1334 1040 et
1361 1011 1425 1040 tam
1446 1011 1558 1050 passis
1576 1012 1606 1041 et
1625 1010 1722 1041 factis
1740 1019 1839 1050 quam
1860 1010 1980 1041 fiendis

160 1074 191 1103 et
217 1071 383 1102 faciendis
408 1074 439 1102 et
464 1071 540 1102 aliis
567 1072 665 1111 penis
703 1072 793 1104 iuris.
820 1074 850 1102 et
877 1071 967 1111 quod
994 1072 1020 1102 si
1049 1070 1232 1111 lignamina
1258 1074 1289 1102 et
1316 1071 1479 1102 laboreria
1517 1072 1669 1103 ordinata
1708 1072 1924 1103 destruuntur
1949 1075 1979 1103 et

161 1142 219 1165 seu
246 1134 493 1164 amovebuntur
518 1134 772 1174 quoquomodo,
810 1134 901 1173 quod
940 1133 971 1164 id
1009 1133 1167 1164 succedet
1192 1134 1341 1173 dampno
1379 1133 1497 1174 prefati
1536 1134 1661 1165 domini
1700 1135 1851 1175 perpetui
1878 1132 1981 1166 Com-

161 1196 369 1231 mendatarii,
395 1198 426 1226 et
453 1196 524 1236 ipse
552 1196 710 1236 magister
736 1195 947 1235 Augustinus
974 1205 1038 1226 non
1066 1196 1207 1226 intendit
1233 1196 1264 1227 in
1291 1196 1406 1236 aliquo
1432 1197 1533 1228 teneri
1562 1206 1620 1228 nec
1646 1197 1818 1238 obligatus
1858 1197 1973 1228 fore...

163 1257 201 1289 Et
227 1258 288 1289 hoc
314 1258 539 1298 presentibus,
565 1258 793 1295 audientibus,
819 1260 879 1289 etc.
907 1258 983 1289 inde
1009 1258 1154 1289 testibus
1172 1256 1233 1297 (i).

848 1458 1283 1499 DCLXXXVIII.

249 1568 481 1597 Testamento
506 1569 541 1597 di
568 1569 659 1598 Gian
684 1569 841 1598 Luchino
868 1569 1106 1605 Migliavaeea
1133 1569 1288 1597 Novizio
1314 1569 1348 1597 di
1376 1569 1409 1600 S,
1436 1569 1559 1598 Paolo.

782 1684 943 1716 1506,
972 1684 1237 1716 111aggi09
1268 1684 1358 1708 26.

703 1773 780 1794 (Archi
797 1773 877 1794 Notar.
895 1773 916 1794 di
934 1773 1012 1794 Pavia.
1029 1785 1053 1787 —
1069 1773 1117 1794 Atti
1134 1773 1154 1793 di
1172 1772 1229 1794 Gian
1246 1773 1338 1794 Matteo
1354 1773 1441 1795 Zazziss·¹

180 1922 181 1950 l

264 1957 308 2072 Ι
409 1975 432 2001 Ν
458 1971 591 2001 nomine
618 1969 753 2001 Domini
781 1969 896 2001 Amen,
924 1969 1020 2001 Anno
1045 1979 1063 2001 a
1089 1969 1272 2001 Nativitate
1297 1971 1448 2002 eiusdem
1476 1970 1654 2002 millesimo
1689 1970 1980 2011 quingentessimo

431 2034 540 2070 sexto,
566 2033 734 2063 indicione
760 2041 858 2069 nona,
884 2032 938 2064 die
964 2033 1150 2073 vigessimo
1176 2035 1274 2064 sexto
1301 2034 1427 2065 mensis
1453 2033 1546 2071 Maii,
1581 2034 1662 2065 hora
1681 2042 1909 2073 vesperarum,
1929 2032 1979 2063 vel

388 2131 396 2132 ἡ
430 2096 550 2132 circha,
577 2096 608 2126 in
635 2096 770 2127 civitate
798 2095 912 2136 Papie,
940 2096 1095 2127 videlicet
1122 2096 1152 2126 in
1179 2096 1282 2126 domo
1308 2096 1527 2126 habitationis
1554 2095 1758 2135 infrascripti
1785 2095 1911 2126 domini
1933 2094 1981 2125 lo-

166 2157 285 2187 hannis
311 2157 417 2194 testis,
443 2158 506 2188 sita
533 2158 563 2188 in
591 2156 689 2188 Porta
732 2157 910 2195 Laudensi,
938 2158 968 2188 in
995 2157 1160 2189 Parochia
1198 2158 1303 2189 sancti
1342 2157 1530 2197 Eusuperii.
1570 2157 1601 2188 ln
1640 2158 1808 2197 presentia
1835 2158 1896 2188 mei
1924 2166 1982 2188 no—

165 2219 237 2249 tarii
263 2221 294 2250 et
320 2219 453 2249 testium
482 2218 782 2259 infrascriptorum‚
809 2219 975 2250 lohannes
1003 2219 1173 2251 Luchinus
1198 2220 1238 2250 de
1265 2220 1515 2260 Migliavachis,
1541 2219 1630 2251 filius
1655 2219 1826 2259 quondam
1854 2219 1978 2250 domini

166 2279 378 2318 Christofori,
405 2281 509 2312 maior
534 2282 631 2312 annis
657 2282 924 2321 quatuordecim,
951 2282 1016 2312 imo
1041 2283 1072 2312 et
1098 2282 1257 2319 sedecim,
1284 2284 1382 2321 prout
1408 2282 1479 2321 ipse
1506 2282 1553 2312 sic
1581 2290 1694 2312 verum
1710 2281 1779 2312 fore
1793 2281 1883 2319 dicit,
1902 2290 1980 2312 con-

166 2343 274 2373 fitetur
299 2345 329 2374 et
355 2345 569 2383 protestatur,
595 2345 625 2374 et
652 2346 750 2383 prout
775 2352 815 2374 ex
843 2344 916 2374 eius
941 2345 1081 2383 aspectu
1109 2352 1272 2383 corporeo
1297 2344 1470 2374 evidenter
1495 2345 1646 2383 apparet,
1673 2343 1791 2375 volens
1817 2346 1847 2374 et
1874 2344 1980 2375 inten-

166 2405 260 2441 dens,
288 2403 359 2435 Deo
385 2405 495 2442 dante,
522 2413 558 2436 se
584 2407 614 2436 et
640 2405 752 2436 animo
777 2414 814 2436 ac
841 2414 982 2445 corpore
1008 2405 1186 2436 dedichare
1212 2406 1415 2437 monasterio
1453 2407 1484 2437 et
1520 2406 1700 2437 conventui
1738 2407 1845 2437 sancti
1885 2405 1977 2437 Pauli

166 2469 259 2497 extra
287 2467 394 2497 menia
422 2465 536 2506 Papie,
562 2465 701 2498 Ordinis
727 2467 831 2498 sancti
860 2466 1038 2507 Augustini
1066 2468 1106 2499 de
1132 2468 1360 2505 observantia,
1386 2469 1567 2508 omniaque
1594 2468 1680 2499 bona
1712 2477 1772 2499 sua
1798 2477 1835 2499 ac
1861 2468 1979 2500 fratres

165 2529 196 2560 et
221 2537 354 2560 sorores
380 2530 410 2559 et
437 2531 584 2566 matrem,
611 2528 670 2560 Dei
697 2538 809 2560 amore
836 2529 1033 2569 relinquere,
1061 2530 1153 2561 iuxta
1179 2530 1372 2570 evangelica
1398 2530 1497 2567 dicta,
1536 2531 1711 2562 videlicet:
1751 2531 1820 2562 Vos
1850 2531 1905 2571 qui
1933 2540 1982 2562 re-

168 2591 315 2631 liquistis
352 2592 464 2623 omnia
502 2594 638 2631 propter
664 2600 724 2629 me,
750 2593 811 2622 etc.
838 2591 1032 2632 centuplum
1070 2592 1243 2632 accipietis
1279 2594 1310 2624 et
1347 2593 1448 2624 vitam
1486 2595 1633 2624 eternam
1668 2593 1912 2633 possidebitis,
1949 2596 1979 2624 et

165 2653 263 2684 etiam
291 2653 410 2685 volens
437 2654 565 2685 imitare
592 2653 766 2694 Evangelii
793 2654 916 2685 dictum
944 2654 1110 2685 dicentis:
1148 2654 1221 2685 Non
1249 2655 1304 2694 qui
1332 2655 1514 2695 inceperit,
1541 2655 1600 2686 sed
1626 2656 1682 2695 qui
1710 2656 1978 2695 perseveraverit

168 2724 275 2756 usque
301 2716 331 2747 in
359 2716 457 2747 finem
484 2716 601 2747 salvus
626 2717 696 2754 erit,
722 2718 901 2756 antequam
929 2716 970 2747 ad
997 2718 1106 2747 actum
1138 2717 1246 2757 ipsius
1283 2717 1459 2758 ingressus
1496 2717 1668 2757 religionis
1694 2719 1724 2748 et
1751 2718 1976 2749 dedicationis

167 2778 350 2818 perveniat,
375 2778 418 2809 ad
445 2787 544 2818 quem
571 2778 746 2818 pervenire
772 2778 913 2810 intendit
941 2777 1024 2809 infra
1051 2778 1203 2810 modicos
1229 2779 1313 2817 dies,
1339 2781 1369 2810 et
1395 2778 1478 2810 forte
1504 2778 1577 2810 Deo
1596 2779 1696 2811 dante
1716 2780 1747 2810 in
1767 2779 1853 2811 festo
1873 2778 1977 2811 Pasce

167 2838 379 2871 pentecostis
405 2841 558 2881 proxime
583 2840 706 2878 tuturo,
732 2840 811 2871 dum
838 2843 992 2881 superest
1018 2840 1128 2872 adhuc
1153 2840 1295 2872 facultas
1320 2841 1465 2873 testandi
1492 2843 1523 2873 et
1549 2842 1753 2882 disponendi
1781 2842 1821 2873 de
1848 2842 1922 2882 ipso
1948 2844 1978 2872 et

167 2902 266 2934 bonis
292 2903 363 2934 suis
389 2912 449 2943 pro
467 2902 561 2934 libito
587 2903 782 2938 voluntatis,
807 2905 837 2934 et
863 2903 972 2934 adhuc
1000 2903 1030 2934 in
1051 2904 1126 2943 ipso
1152 2903 1296 2935 ressidet
1314 2903 1418 2935 libera
1437 2904 1594 2935 voluntas
1610 2904 1814 2944 disponendi
1833 2904 1874 2935 de
1893 2912 1928 2935 se
1946 2906 1977 2935 et

228 3059 259 3082 ill
277 3058 333 3079 Vedi
349 3058 362 3079 il
378 3058 518 3080 documento
532 3059 568 3080 del
586 3059 610 3080 16
624 3065 710 3085 marzo,
728 3059 785 3081 1504.
