2305 3407
300 141 365 173 298

295 275 413 306 beatae
448 273 576 305 Mariae
602 281 735 313 semper
768 272 895 313 Virgini
926 274 957 303 et
991 272 1049 303 tibi
1077 271 1265 303 reverendo
1291 270 1380 302 Patri
1414 269 1520 302 Priori
1554 271 1715 312 magistro
1749 269 1902 302 Andreae
1927 270 1968 302 de
2002 269 2119 302 Monte

297 334 464 368 Causario
489 335 580 366 fratri
607 335 647 366 de
680 329 807 367 Ordine
841 333 1084 365 Heremitarum
1117 333 1223 365 sancti
1258 332 1439 374 Augustini
1465 335 1497 365 et
1521 333 1781 365 successoribus
1807 333 1884 370 tuis,
1909 332 2023 364 vivere
2049 332 2121 364 sine

299 398 435 438 proprio
460 399 491 428 et
517 397 548 427 in
575 397 728 428 castitate
755 396 940 427 secundum
960 395 1110 436 regulam
1137 395 1225 426 beati
1253 394 1435 436 Augustini
1463 403 1574 435 usque
1599 394 1641 426 ad
1668 396 1819 426 mortem.

388 458 466 490 Ideo
493 458 613 499 prefati
648 458 855 490 reverendus
884 457 1044 488 dominus
1070 456 1165 488 Prior
1198 458 1229 488 et
1257 456 1399 495 Fratres,
1426 457 1604 497 premissis
1637 457 1685 488 sic
1718 456 1866 493 attentis,
1891 455 2034 487 eundem
2062 455 2122 486 do-

299 521 423 552 minum
457 520 588 552 fratrem
616 519 757 551 Paulum
785 523 818 551 ut
849 519 982 551 tratrem
1010 519 1201 560 professum
1228 519 1259 550 in
1286 519 1376 550 dicto
1401 528 1516 550 eorum
1549 519 1698 560 capitulo
1724 519 1951 558 acceptarunt.
1972 517 2120 550 Ulterius

298 582 449 623 prefatus
464 583 622 614 dominus
648 582 747 614 trater
773 581 900 613 Paulus
918 581 1112 619 inherendo,
1131 583 1192 613 etc.
1211 583 1242 613 et
1259 583 1427 621 quatenus
1445 581 1606 622 expediat
1625 583 1656 612 et
1675 590 1741 612 non
1759 580 1865 617 aliter,
1879 580 2008 612 eisdem
2028 588 2123 611 reve-

298 646 402 677 rendo
420 648 451 677 et
469 645 673 677 venerandis
698 645 836 676 domino
863 643 967 675 Priori
994 646 1025 675 et
1051 643 1234 681 Fratribus,
1252 643 1510 684 acceptantibus
1536 643 1669 674 nomine
1688 643 1768 674 dicti
1788 642 1982 674 monasterii
2008 642 2121 680 cessit,

297 710 327 739 et
343 708 483 739 donavit
507 716 545 738 ac
571 707 790 744 renunciavit,
805 715 843 738 ac
868 706 968 744 cedit,
982 709 1044 738 etc.
1070 706 1182 737 omnia
1207 706 1281 737 eius
1308 705 1396 737 bona
1423 704 1560 736 mobilia
1586 706 1617 736 et
1643 704 1886 742 immobilia,in
1906 712 2123 744 quocumque

299 770 374 802 loco
399 770 465 801 sint
490 772 521 800 et
546 770 694 801 existant
719 771 749 800 et
775 769 840 800 sub
865 768 1047 809 quibusvis
1072 768 1278 799 coherentiis
1311 768 1529 798 terminentur
1553 769 1585 799 et
1611 767 1806 799 nominibus
1833 768 2068 807 nuncupentur
2092 768 2124 801 et

299 832 376 863 talia
396 832 508 871 qualia
535 834 624 868 sunt,
650 831 749 862 etiam
777 840 851 862 cum
878 830 1002 862 debitis
1028 831 1148 861 iurium
1174 832 1205 861 et
1230 830 1399 861 actionum
1432 829 1657 867 cessionibus,
1676 829 1895 860 translatione
1920 828 2059 860 dominii
2093 830 2125 860 et

300 894 543 934 possessionis,
569 896 630 924 etc.
658 891 884 933 promisitque
915 893 1038 924 dictam
1073 892 1265 924 renunciam
1292 894 1323 923 et
1348 892 1537 924 cessionem
1572 894 1675 923 ratam
1701 893 1762 923 etc.
1788 890 1922 928 habere,
1951 892 2012 922 etc.
2038 889 2123 923 Cre-

300 956 423 991 dendo,
449 958 509 987 etc.
535 955 732 996 obligando,
759 958 820 987 etc.
848 953 1078 991 presentibus,
1104 956 1166 986 etc.
1192 954 1348 986 testibus.

1109 1155 1320 1196 CMXC.

395 1265 423 1294 11
450 1265 610 1302 Capitolo
635 1264 669 1293 di
694 1265 729 1294 S.
756 1264 865 1293 Paolo
890 1265 935 1293 da
961 1264 995 1292 in
1021 1264 1131 1292 affitto
1157 1264 1167 1292 i
1193 1264 1272 1292 beni
1299 1264 1334 1292 di
1360 1263 1552 1299 Calignano
1578 1272 1596 1292 e
1622 1263 1788 1294 Ronearo.

909 1387 1048 1412 1563
1060 1402 1073 1418 9
1105 1386 1365 1419 gennaio
1376 1401 1390 1418 9
1422 1386 1504 1411 13.

872 1503 949 1527 (Arcu.
967 1503 1047 1523 Notar.
1064 1502 1085 1523 di
1103 1502 1173 1523 Pavia
1189 1513 1214 1516 —-
1229 1501 1277 1523 Atti
1293 1502 1315 1522 di
1332 1501 1408 1523 Guido
1424 1501 1543 1528 Mangano
1561 1518 1564 1522 .

320 1620 322 1654 ἱ
545 1630 546 1647 i

321 1659 323 1719 Ξ
373 1662 496 1778 Ν
543 1671 594 1719 ῙΕΙ,
618 1677 775 1706 convento
800 1674 835 1706 di
859 1673 891 1707 S.
918 1674 1034 1711 ΡαοΙο,
1061 1674 1209 1706 adunato
1234 1673 1258 1706 il
1283 1672 1436 1714 Capitolo
1469 1673 1510 1704 de
1536 1673 1696 1705 mandato
1729 1673 1968 1705 reverendi...
2001 1672 2128 1704 domini

543 1736 544 1754 1
572 1737 684 1769 fratris
709 1737 839 1768 Thome
865 1737 906 1768 de
933 1737 1162 1768 Mediolano...
1189 1736 1324 1773 prioris,
1351 1736 1383 1767 in
1408 1736 1462 1767 cui
1484 1744 1584 1768 erano
1609 1745 1669 1767 con
1695 1735 1742 1768 Ιιιί
1765 1735 1978 1768 venerabiles
2003 1735 2131 1767 domini

466 1837 539 1839 7⁴7
570 1799 690 1831 tratres
722 1798 869 1839 Prosper
901 1799 941 1830 de
978 1797 1210 1831 Castenedulo
1247 1799 1393 1831 vicarius
1416 1797 1643 1839 (cancellato),
1670 1798 1873 1831 Ambrosius
1899 1799 1940 1831 de
1974 1798 2131 1837 Bozzolo,

303 1864 482 1898 Candidus
514 1865 555 1896 de
589 1862 775 1894 Pontevico
801 1858 1028 1899 (cancellato),
1055 1859 1279 1892 Sebastianus
1312 1861 1354 1893 de
1390 1861 1580 1899 Piceleone‚
1607 1861 1825 1893 Hieronimus
1854 1861 1896 1892 de
1932 1860 2131 1892 Mediolano

304 1925 533 1967 (cancellato),
559 1926 688 1957 Laurus
713 1925 754 1955 de
788 1923 996 1961 MediolanO,
1023 1922 1139 1955 Simon
1173 1923 1213 1954 de
1247 1921 1403 1962 Codallo‚
1430 1923 1664 1964 Archangelus
1689 1923 1730 1955 de
1764 1921 1873 1955 Como
1901 1919 2130 1962 (cancellato),

303 1991 333 2022 si
356 1990 399 2022 (ἰὰ
425 1990 456 2021 r'n
489 1988 598 2029 affitto
623 1986 807 2019 novennale
840 1995 860 2017 α
887 1985 994 2017 ΡιιοΙο
1026 1985 1144 2017 Vecclzi
1166 1985 1201 2017 di
1226 1985 1427 2026 Calignano,
1453 1986 1486 2017 Ια
1507 1986 1723 2026 possessione
1748 1985 1802 2017 del
1824 1987 1982 2017 convento
2006 1986 2131 2017 situata

303 2054 334 2084 in
362 2051 549 2091 Colignnno
575 2059 592 2082 e
620 2047 785 2087 leoncaro,
812 2049 1075 2080 dell'estensiorze
1100 2048 1134 2080 di
1158 2049 1244 2080 clrca
1272 2048 1335 2080 163
1355 2048 1511 2088 perndie,
1526 2057 1587 2089 per
1610 2047 1742 2089 l'offitto
1767 2057 1877 2079 annuo
1902 2048 1937 2079 di
1963 2048 2004 2079 12
2018 2047 2132 2079 saccln'

305 2115 339 2146 cii
361 2114 486 2153 segale,
515 2113 536 2145 7
555 2113 591 2144 di
607 2112 786 2152 frumento,
811 2111 856 2143 40
880 2111 988 2142 brente
1013 2110 1048 2142 cii
1074 2111 1156 2146 νὶηο,
1185 2119 1201 2141 e
1225 2110 1247 2142 3
1271 2111 1355 2142 carri
1378 2110 1414 2142 di
1437 2110 1545 2151 legno,
1572 2112 1631 2142 etc.
1657 2107 1719 2149 (1).

361 2272 378 2294 (l
407 2271 431 2291 Αἱ
448 2271 469 2291 21
488 2270 586 2295 genunio
604 2269 661 2293 1553,
678 2269 691 2289 il
707 2269 786 2289 notaio
802 2268 860 2289 Cr‘an
877 2268 1005 2288 Fraiieesco
1022 2267 1115 2288 Morbio
1131 2267 1189 2287 nella
1245 2267 1321 2287 anima
1333 2267 1408 2292 ipsius
1419 2266 1511 2287 domine
1527 2267 1681 2287 testatricis„
1698 2267 1754 2287 item
1766 2269 1873 2293 gravat...
1890 2265 2063 2291 infrascriptum
2074 2266 2126 2287 eius

308 2320 362 2336 casa
378 2315 437 2335 della
460 2315 590 2339 testatrice,
606 2315 627 2334 in
644 2313 782 2334 parroechia
798 2313 819 2333 di
835 2312 858 2333 S.
875 2312 974 2332 Mieliele
990 2312 1119 2337 Mageinre,
1136 2317 1191 2335 roga
1247 2311 1355 2332 heredem
1379 2311 1532 2332 universalem
1538 2328 1577 2331 .....
1593 2311 1622 2331 ad
1638 2311 1757 2332 cellebrari
1773 2310 1904 2331 iaciendum
1920 2311 2012 2335 singulo
2027 2315 2088 2331 anno
2103 2310 2124 2331 in

309 2360 322 2379 il
334 2362 477 2380 testamento
493 2359 552 2379 della
568 2359 644 2378 nubile
657 2357 727 2378 Paola
743 2357 835 2381 Astolti,
847 2357 937 2377 vedova
949 2356 985 2376 del
1001 2356 1054 2376 nob.
1072 2355 1192 2376 Berunrdo

311 2404 384 2429 Balbi,
395 2404 415 2424 la
427 2404 495 2429 quale
512 2404 584 2423 voluit
601 2405 623 2423 et
639 2403 688 2423 vult
705 2402 768 2427 quod
779 2402 829 2422 eius
840 2402 939 2422 cadaver
950 2401 1078 2426 sepeliatur
1094 2402 1116 2420 et
1128 2405 1193 2425 sepc-

309 2449 342 2468 liri
359 2448 443 2468 debent
459 2448 480 2468 in
497 2448 593 2468 ecclesia
610 2447 684 2467 sancti
702 2446 766 2467 Pauli
782 2448 846 2466 extra
862 2447 885 2466 et
901 2451 974 2471 prope
995 2447 1086 2470 portant
1109 2446 1189 2465 sancte

311 2493 413 2513 Marieiu
431 2492 520 2512 Perticn
533 2492 611 2516 Papio,
628 2492 648 2511 in
665 2491 786 2516 sepultura
802 2491 823 2510 in
840 2495 885 2515 qua
897 2490 1004 2515 sepultus
1020 2491 1055 2510 est
1072 2488 1191 2514 prefactus

310 2537 427 2562 quondam
439 2536 547 2556 domiuus
559 2535 690 2556 Bernartius
702 2535 752 2555 eius
768 2535 865 2555 maritus
877 2540 918 2554 nec
933 2540 977 2554 uon
989 2536 1011 2554 et
1027 2533 1189 2558 infrascriptus

311 2581 385 2601 Lucas
399 2581 450 2601 cius
465 2580 586 2600 tilius...
610 2580 666 2600 ltem
682 2580 742 2603 legat
759 2578 891 2599 venerando
907 2578 1031 2599 consortio
1046 2578 1121 2598 sancti
1137 2577 1185 2603 Syri

312 2624 382 2649 Papie
397 2625 468 2644 libras
487 2626 579 2645 centum
596 2624 675 2649 viginti
691 2623 848 2649 imperiales..
865 2628 891 2643 ac
913 2624 994 2647 gravat
1015 2622 1101 2642 dictum
1123 2628 1190 2642 vene-

311 2669 382 2689 rabile
391 2668 540 2689 Consortium
550 2668 579 2687 ad
591 2667 762 2688 cellebrandum
778 2668 800 2687 et
816 2667 935 2687 cellebrari
946 2666 1076 2687 iaciendum
1087 2666 1187 2687 ollitiurn

311 2719 381 2733 unum
397 2718 410 2733 a
433 2713 531 2733 mortuis
546 2712 566 2732 in
589 2718 615 2732 ea
630 2712 728 2732 ecclesia
744 2712 765 2731 iu
788 2717 833 2737 qua
855 2711 955 2732 cadaver
970 2717 1038 2731 suurn
1054 2711 1189 2736 sepelietur,

311 2759 333 2778 et
349 2757 392 2777 hoc
407 2756 468 2777 omni
490 2762 550 2776 anuo
572 2761 665 2781 semper
686 2755 745 2776 etin
768 2757 907 2781 perpetuum
931 2761 972 2779 pro
987 2755 1062 2775 anima
1085 2755 1189 2780 predicte

311 2801 403 2822 domine
419 2801 547 2821 testatricis
561 2802 583 2821 et
599 2801 650 2821 eius
664 2800 853 2821 detunctorum...
870 2800 926 2820 ltem
942 2799 981 2820 dat
997 2801 1019 2820 et
1035 2800 1096 2825 legat
1108 2804 1186 2820 mona-

311 2845 383 2865 sterio
397 2845 472 2865 sancti
489 2844 552 2865 Pauli
569 2844 666 2870 predicti
682 2844 752 2864 libras
768 2844 938 2869 quinquaginta
953 2843 1124 2869 imperiales...
1148 2849 1190 2869 pro

1247 2361 1273 2376 ea
1289 2356 1386 2377 ecclesia
1403 2356 1424 2376 in
1440 2361 1486 2381 qua
1506 2355 1605 2376 cadaver
1620 2361 1687 2376 suum
1704 2356 1831 2380 sepelietur
1843 2355 1920 2376 ottieia
1936 2355 1982 2375 duo
1997 2360 2010 2375 a
2026 2354 2125 2375 mortuis

1248 2406 1299 2420 cum
1317 2401 1394 2421 missis
1414 2400 1451 2420 ΧΗ
1468 2402 1489 2421 et
1510 2400 1539 2420 ad
1562 2400 1704 2424 erogandum
1720 2402 1786 2420 scuta
1803 2400 1849 2420 duo
1864 2400 1913 2420 auri
1935 2399 2086 2425 pauperibus,
2102 2399 2124 2419 et

1245 2444 1288 2464 hoc
1304 2450 1345 2469 pro
1361 2444 1436 2464 anima
1453 2444 1537 2465 nobilis
1552 2443 1638 2464 domini
1656 2444 1715 2464 Luce
1732 2443 1796 2464 Balbi
1812 2443 1866 2463 olim
1883 2443 1933 2464 eius
1949 2443 2060 2468 tilii,quia
2076 2447 2126 2468 pre-

1247 2488 1308 2509 dicta
1328 2489 1404 2509 omnin
1420 2490 1526 2513 tempore
1546 2487 1659 2508 decessus
1673 2488 1748 2513 ipsius
1763 2487 1842 2508 relicta
1858 2486 1930 2511 tuere,
1945 2487 1997 2508 licet
2007 2488 2125 2507 oretenus.

1299 2533 1323 2553 Αἰ
1339 2533 1352 2553 3
1367 2533 1493 2553 novembre
1511 2532 1568 2557 1553,
1584 2538 1627 2552 con
1642 2534 1693 2552 atto
1709 2532 1730 2552 di
1747 2531 1823 2552 Guido
1839 2531 1965 2557 Maneant),
1981 2531 1995 2551 il
2015 2530 2124 2556 Capitolo

1242 2578 1264 2598 di
1281 2577 1302 2598 S.
1316 2577 1509 2602 Paolu,adunato
1524 2577 1552 2597 de
1568 2577 1679 2597 mandato
1694 2576 1814 2597 reverendi
1826 2576 1912 2596 domini
1929 2576 2002 2601 patris
2013 2578 2035 2597 ct
2046 2575 2125 2596 fratris

1244 2622 1368 2646 Augustini
1384 2622 1411 2642 de
1427 2621 1527 2642 Novaria
1545 2621 1585 2642 Dei
1603 2621 1676 2646 gratia
1700 2620 1794 2644 Prioris,
1810 2621 1846 2641 nel
1862 2621 1930 2646 quale
1945 2626 2016 2641 erano
2030 2620 2104 2641 anche
2118 2620 2124 2640 i

1243 2667 1388 2687 venerabiles
1399 2666 1485 2686 domiui
1496 2665 1579 2686 fratres
1591 2665 1735 2691 Augustinus
1745 2665 1773 2685 de
1790 2665 1870 2690 Papia,
1883 2665 2022 2691 Peregrinus
2036 2664 2065 2685 de
2081 2664 2125 2685 Νο-

1244 2711 1316 2735 varia,
1333 2710 1407 2731 David
1424 2710 1452 2730 de
1468 2710 1674 2733 Moutezambano,
1695 2709 1812 2734 Hipolitus
1828 2709 1855 2729 de
1878 2709 2002 2730 Calvisano
2017 2710 2040 2729 et
2058 2708 2124 2729 Mau-

1245 2755 1315 2776 ricius
1330 2755 1358 2775 dc
1369 2754 1499 2775 Trivilio....
1515 2753 1627 2774 iacientes
1642 2754 1709 2779 quasi
1725 2755 1801 2774 totum
1817 2756 1839 2774 et
1855 2753 1969 2778 integrum
1985 2752 2122 2778 capitulum,

1241 2799 1320 2824 elegge
1336 2804 1379 2819 suo
1396 2788 1548 2824 procuratore
1563 2797 1622 2819 irate
1638 2798 1752 2823 Agostiuo
1767 2798 1796 2818 da
1812 2797 1891 2818 Pavia.
