2305 3407
1055 390 1272 432 DCXCI.

338 503 365 531 11
393 503 514 531 Priore
542 501 766 530 Provinciale
804 501 838 530 di
877 500 1093 529 Lombardia
1119 500 1163 528 da
1191 500 1213 527 il
1240 507 1416 528 consenso
1441 499 1485 527 ad
1511 508 1555 527 un
1581 498 1816 534 Agostiniano
1853 498 1887 526 di
1921 506 2069 534 passare

251 557 310 585 all'
328 557 459 585 Ordine
486 556 720 586 benedettino,

894 650 1046 678 150ss,
1079 650 1216 673 otto!
1225 655 1319 679 )1·Q‚
1352 648 1426 673 31.

762 738 838 759 (Arch.
857 737 936 758 Notar.
954 737 975 757 di
993 737 1070 757 l'avia.
1088 748 1111 750 ——
1129 737 1176 757 Atti
1193 737 1214 757 di
1231 736 1288 757 Gian
1305 737 1406 757 Antonio
1423 736 1550 759 Morasco).

341 922 426 1038 F
499 939 620 967 RATER
646 934 811 965 lohannes
848 934 1104 965 Bertholameus
1130 934 1170 965 de
1198 933 1379 964 Valniacha
1417 942 1510 964 sacre
1546 933 1667 973 pagine
1705 932 1877 973 professor
1902 940 1940 963 ac
1966 932 2074 963 tocius

524 997 700 1029 provincie
727 997 926 1028 Lombardie
953 996 1093 1029 Ordinis
1135 997 1283 1028 Fratrum
1327 996 1567 1027 Heremitarum
1595 996 1699 1027 sancti
1728 995 1907 1035 Augustini
1936 993 2077 1025 Provin—

521 1061 626 1094 cialisv
655 1060 729 1091 licet
756 1060 950 1095 immeritus,
984 1060 1119 1090 dillecto
1161 1059 1259 1090 nobis
1286 1059 1375 1090 fratri
1404 1058 1533 1099 Angelo
1560 1058 1600 1089 de
1627 1057 1723 1089 Petra
1750 1058 1903 1089 eiusdem
1937 1055 2076 1088 Ordinis

253 1129 284 1154 et
312 1124 378 1154 voti
407 1123 549 1154 salutem
579 1123 608 1153 in
638 1121 784 1153 Domino
811 1125 972 1153 eternam.

343 1175 428 1208 Cum
455 1177 628 1216 aliquibus
654 1176 751 1207 annis
779 1176 929 1206 habitum
957 1178 1069 1206 nostre
1109 1175 1293 1215 Religionis
1331 1175 1530 1215 gestaveris,
1568 1176 1686 1214 postea
1725 1182 1804 1204 vero
1838 1173 2009 1213 optaveris
2035 1172 2076 1203 ad

254 1238 416 1270 Ordinem
444 1239 550 1269 sancti
579 1238 750 1270 Benedicti
779 1240 807 1269 te
835 1237 1024 1275 transferre,
1051 1247 1068 1269 a
1095 1236 1304 1277 Summoque
1332 1236 1493 1268 pontifice
1519 1236 1717 1273 obtinueris,
1737 1236 1923 1267 dummodo
1948 1235 1993 1266 tui
2021 1243 2078 1266 su-

256 1301 397 1341 perioris
424 1309 613 1332 consensus
640 1301 850 1337 interveniat,
877 1302 911 1331 ut
937 1300 1036 1331 nobis
1063 1309 1121 1340 per
1147 1299 1253 1331 Breve
1279 1302 1434 1331 constare
1461 1298 1579 1335 fecisti,
1606 1299 1646 1329 acl
1674 1299 1770 1329 cuius
1788 1298 2039 1329 observantiam
2060 1306 2078 1328 a

256 1363 354 1395 nobis
381 1363 547 1394 licentiam
575 1363 616 1394 ad
644 1363 809 1403 prefatum
837 1363 988 1394 habitum
1027 1363 1284 1403 suscipiendum
1323 1362 1515 1402 postulasti,
1553 1370 1615 1392 nos
1651 1363 1762 1392 autem
1797 1361 1963 1392 nollentes
1988 1362 2077 1391 tuam

256 1426 472 1457 devotionem
501 1426 674 1466 impedire,
701 1428 815 1457 tenore
843 1426 1059 1466 presentium,
1087 1426 1180 1456 iuxta
1206 1433 1223 1456 a
1251 1423 1337 1456 Sede
1364 1423 1561 1464 Apostolica
1603 1424 1790 1463 impetrata,
1817 1423 1985 1454 licentiam
2020 1422 2078 1454 tibi

256 1488 476 1519 concedimus
502 1490 533 1519 et
559 1488 691 1525 damus,
719 1490 752 1519 ut
779 1487 944 1528 prefatum
973 1487 1123 1519 habitum
1151 1487 1324 1527 suscipere
1351 1486 1466 1527 possis
1492 1488 1522 1517 et
1548 1486 1612 1517 sub
1638 1494 1678 1517 eo
1704 1486 1826 1517 devote
1845 1483 2076 1525 Omnipotenti

258 1549 329 1581 Deo
356 1550 507 1581 famulari
535 1554 566 1582 et
593 1551 762 1582 humiliter
803 1550 1008 1587 conversari,
1037 1550 1066 1580 in
1094 1549 1238 1581 Nomine
1276 1548 1385 1580 Patris
1411 1551 1442 1580 et
1468 1548 1540 1580 Filii
1567 1550 1599 1580 et
1625 1547 1770 1588 Spiritus
1811 1546 1934 1579 Sancti.
1972 1556 2079 1579 amen.

259 1612 418 1644 Volentes
445 1616 479 1644 ut
503 1622 577 1644 cum
604 1614 646 1644 ad
673 1613 837 1653 prefatum
865 1613 1015 1644 habitum
1042 1613 1228 1644 accesseris
1253 1614 1283 1643 et
1310 1612 1401 1642 illum
1429 1612 1628 1651 sumpseris,
1655 1613 1688 1642 ut
1715 1610 1799 1642 infra
1825 1612 1900 1641 octo
1926 1610 2000 1641 dies
2025 1610 2083 1641 de-

259 1675 340 1706 beas
366 1675 465 1706 nobis
493 1684 550 1716 per
576 1678 606 1706 te
634 1676 686 1707 vel
714 1675 814 1706 alium
842 1675 1047 1706 notificasse.
1075 1674 1106 1705 ln
1134 1683 1276 1714 quorum
1315 1674 1544 1706 testimonium
1583 1674 1644 1705 has
1680 1673 1822 1705 fecimus
1847 1676 1878 1704 et
1903 1672 2003 1704 officii
2038 1673 2082 1704 si-

257 1738 337 1778 gillo
364 1739 582 1769 munivimus.
610 1737 771 1769 Volentes
798 1738 897 1769 etiam
925 1739 959 1768 ut
984 1737 1026 1768 ad
1061 1736 1225 1777 prefatum
1265 1737 1415 1768 habitum
1454 1736 1657 1777 capiendum
1684 1735 1742 1767 XV
1768 1738 1825 1767 aut
1851 1736 1968 1776 viginti
2006 1735 2081 1767 dies

259 1801 385 1831 habeas
412 1810 472 1841 pro
499 1801 651 1831 termino.
678 1799 754 1831 Dat.
782 1799 897 1840 Fame,
925 1800 956 1830 in
983 1802 1152 1831 conventu
1180 1801 1297 1830 nostro
1323 1800 1428 1830 sancti
1456 1798 1649 1840 Augustini,
1678 1799 1771 1835 1506,
1798 1798 1851 1830 die
1877 1798 1991 1829 ultima
2024 1806 2081 1829 oc-

259 1863 373 1897 tobris,
403 1862 502 1894 frater
528 1861 761 1894 Bertolameus
787 1863 827 1893 de
855 1862 1038 1893 Valmacha
1072 1861 1302 1902 provincialis.

1043 2063 1287 2104 DCXCII.

371 2183 398 2210 11
425 2182 586 2218 Capitolo
612 2182 646 2210 di
673 2182 706 2213 S.
733 2181 907 2217 Agostino
933 2181 1051 2210 riceve
1078 2181 1101 2209 il
1126 2185 1337 2218 pagamento
1364 2181 1397 2209 di
1424 2189 1468 2209 un
1494 2181 1611 2217 legato
1639 2190 1656 2209 e
1682 2181 1716 2209 di
1742 2189 1786 2209 un
1813 2181 1925 2209 affitto
1961 2189 2022 2217 per
2048 2181 2082 2209 la

261 2236 430 2272 Cappella
457 2235 551 2264 della
578 2235 757 2263 Madonna
783 2235 839 2263 nel
865 2234 1042 2263 Chiostro.

847 2356 1011 2389 1300,
1040 2358 1394 2387 11‹›ven11)1⁴e‚
1423 2357 1497 2382 13.

818 2454 894 2474 lArch.
912 2454 991 2474 Notat.
1008 2454 1030 2474 di
1047 2453 1125 2474 Pavia.
1143 2465 1167 2467 —
1183 2454 1230 2475 Atti
1247 2454 1268 2474 di
1285 2454 1383 2475 Micliele
1400 2454 1535 2479 Mangano'u

368 2647 412 2760 I
513 2664 535 2690 Ν
562 2660 636 2691 loco
662 2658 810 2700 Capituli
838 2661 1030 2692 monasterii
1059 2661 1164 2692 sancti
1191 2660 1370 2701 Augustini
1397 2659 1547 2700 papie...
1573 2659 1817 2693 Convocato....
1836 2658 1995 2700 Capitulo
2014 2669 2089 2700 pre-

535 2722 590 2753 fati
619 2723 857 2754 monasterii....
883 2723 924 2754 de
951 2724 1153 2754 mandato...
1181 2725 1354 2755 reverendi
1381 2724 1486 2764 patris
1512 2723 1638 2754 domini
1666 2723 1815 2763 magistri
1842 2722 1930 2754 Petri
1957 2723 1998 2754 de
2023 2721 2088 2755 Ca-

534 2787 708 2821 stronovo,
735 2793 829 2816 sacre
856 2785 1026 2825 theologie
1041 2785 1257 2826 professoris,
1274 2785 1400 2817 Prioris
1426 2785 1544 2825 prefati
1562 2782 1803 2816 ‘monasterii....
1819 2785 1850 2815 in
1866 2794 1933 2825 quo
1951 2785 2086 2825 quidem

268 2844 426 2886 Capitulo
452 2845 629 2877 fuerunt...
658 2846 808 2886 prefatus
835 2847 993 2878 dominus
1020 2846 1113 2878 Prior
1139 2850 1170 2879 et
1196 2848 1368 2879 reverendi
1396 2856 1491 2879 sacre
1517 2847 1685 2888 theologie
1723 2848 1881 2888 magister
1914 2847 2087 2889 Benignus

268 2908 308 2938 de
335 2905 468 2947 Carpis,
496 2908 654 2948 magister
680 2907 815 2939 Gabriel
844 2909 884 2939 de
910 2908 1027 2949 Papia,
1055 2910 1215 2950 magister
1252 2909 1476 2941 Francischus
1508 2910 1549 2941 de
1575 2908 1770 2947 Castelatio,
1808 2910 1967 2951 magister
2003 2910 2089 2942 lero-

270 2970 380 3001 nimus
406 2970 447 3000 de
474 2969 587 3007 Lenta,
615 2971 774 3010 magister
802 2970 1002 3002 Timotheus
1028 2971 1069 3002 de
1096 2971 1220 3008 Laude,
1246 2973 1277 3003 et
1303 2972 1429 3003 domini
1456 2971 1556 3003 frater
1582 2971 1749 3004 lohannes
1774 2973 1815 3004 de
1841 2972 1964 3011 Tricio‚
1989 2972 2089 3004 frater

270 3030 499 3063 Bernardinus
526 3032 566 3063 de
593 3030 710 3072 Papia,
738 3031 838 3063 frater
864 3031 990 3064 Paulus
1016 3033 1057 3064 de
1084 3032 1225 3071 Putheo,
1251 3033 1351 3065 frater
1376 3033 1518 3066 Nichola
1543 3034 1585 3066 de
1612 3034 1770 3066 Fazardis
1799 3035 1962 3071 sindicus,
1989 3034 2090 3066 frater
