<?xml version="1.0" encoding="UTF-8"?>
<!DOCTYPE html PUBLIC "-//W3C//DTD XHTML 1.0 Transitional//EN"
    "http://www.w3.org/TR/xhtml1/DTD/xhtml1-transitional.dtd">
<html xmlns="http://www.w3.org/1999/xhtml" xml:lang="en" lang="en">
 <head>
  <title>
</title>
<meta http-equiv="Content-Type" content="text/html;charset=utf-8" />
  <meta name='ocr-system' content='tesseract 3.04.00' />
  <meta name='ocr-capabilities' content='ocr_page ocr_carea ocr_par ocr_line ocrx_word'/>
</head>
<body>
  <div class='ocr_page' id='page_1' title='image "./codexdiplomaticu03maiouoft_0350.png"; bbox 0 0 2305 3407; ppageno 0'>
   <div class='ocr_carea' id='block_1_1' title="bbox 253 140 318 172">
    <p class='ocr_par' dir='ltr' id='par_1_1' title="bbox 253 140 318 172">
     <span class='ocr_line' id='line_1_1' title="bbox 253 140 318 172; baseline 0 0"><span class='ocrx_word' id='word_1_1' title='bbox 253 140 318 172; x_wconf 89' lang='lat'>270</span> 
     </span>
    </p>
   </div>
   <div class='ocr_carea' id='block_1_2' title="bbox 1023 319 1318 360">
    <p class='ocr_par' dir='ltr' id='par_1_2' title="bbox 1023 319 1318 360">
     <span class='ocr_line' id='line_1_2' title="bbox 1023 319 1318 360; baseline -0.01 0"><span class='ocrx_word' id='word_1_2' title='bbox 1023 319 1318 360; x_wconf 88' lang='lat' dir='ltr'><strong>CMLXVI.</strong></span> 
     </span>
    </p>
   </div>
   <div class='ocr_carea' id='block_1_3' title="bbox 339 425 2070 464">
    <p class='ocr_par' dir='ltr' id='par_1_3' title="bbox 339 425 2070 464">
     <span class='ocr_line' id='line_1_3' title="bbox 339 425 2070 464; baseline -0.005 -3"><span class='ocrx_word' id='word_1_3' title='bbox 339 433 367 461; x_wconf 87' lang='lat'>11</span> <span class='ocrx_word' id='word_1_4' title='bbox 392 432 544 460; x_wconf 86' lang='lat' dir='ltr'>Comune</span> <span class='ocrx_word' id='word_1_5' title='bbox 570 431 602 459; x_wconf 90' lang='lat' dir='ltr'>di</span> <span class='ocrx_word' id='word_1_6' title='bbox 627 430 730 459; x_wconf 88' lang='grc' dir='ltr'>Ρ3νί3</span> <span class='ocrx_word' id='word_1_7' title='bbox 755 440 772 459; x_wconf 89' lang='lat' dir='ltr'>e</span> <span class='ocrx_word' id='word_1_8' title='bbox 798 431 829 458; x_wconf 89' lang='grc'>13</span> <span class='ocrx_word' id='word_1_9' title='bbox 853 434 1012 458; x_wconf 83' lang='lat' dir='ltr'>vertenza</span> <span class='ocrx_word' id='word_1_10' title='bbox 1037 433 1088 456; x_wconf 82' lang='lat' dir='ltr'>tra</span> <span class='ocrx_word' id='word_1_11' title='bbox 1113 427 1157 464; x_wconf 88' lang='lat' dir='ltr'>gli</span> <span class='ocrx_word' id='word_1_12' title='bbox 1182 427 1368 456; x_wconf 82' lang='lat' dir='ltr'>Eremitani</span> <span class='ocrx_word' id='word_1_13' title='bbox 1393 426 1425 455; x_wconf 86' lang='lat' dir='ltr'>di</span> <span class='ocrx_word' id='word_1_14' title='bbox 1442 427 1474 458; x_wconf 77' lang='lat' dir='ltr'>S,</span> <span class='ocrx_word' id='word_1_15' title='bbox 1500 426 1660 455; x_wconf 86' lang='lat' dir='ltr'>Mostiola</span> <span class='ocrx_word' id='word_1_16' title='bbox 1684 427 1748 454; x_wconf 83' lang='lat' dir='ltr'>ele</span> <span class='ocrx_word' id='word_1_17' title='bbox 1767 425 2070 454; x_wconf 85' lang='lat' dir='ltr'>Vallombrosane.</span> 
     </span>
    </p>
   </div>
   <div class='ocr_carea' id='block_1_4' title="bbox 816 522 1530 555">
    <p class='ocr_par' dir='ltr' id='par_1_4' title="bbox 816 522 1530 555">
     <span class='ocr_line' id='line_1_4' title="bbox 816 522 1530 555; baseline -0.004 -5"><span class='ocrx_word' id='word_1_18' title='bbox 816 524 980 555; x_wconf 70' lang='lat'>1569,</span> <span class='ocrx_word' id='word_1_19' title='bbox 1012 524 1366 554; x_wconf 69' lang='lat' dir='ltr'>llovesrrlbre,</span> <span class='ocrx_word' id='word_1_20' title='bbox 1398 522 1530 548; x_wconf 80' lang='lat'><strong>2-13.</strong></span> 
     </span>
    </p>
   </div>
   <div class='ocr_carea' id='block_1_5' title="bbox 600 610 1710 637">
    <p class='ocr_par' dir='ltr' id='par_1_5' title="bbox 600 610 1710 637">
     <span class='ocr_line' id='line_1_5' title="bbox 600 610 1710 637; baseline -0.004 -2"><span class='ocrx_word' id='word_1_21' title='bbox 600 614 676 636; x_wconf 21' lang='lat' dir='ltr'>(Arulis</span> <span class='ocrx_word' id='word_1_22' title='bbox 694 613 729 634; x_wconf 83' lang='lat' dir='ltr'>dcl</span> <span class='ocrx_word' id='word_1_23' title='bbox 747 613 830 634; x_wconf 71' lang='lat' dir='ltr'>Museo</span> <span class='ocrx_word' id='word_1_24' title='bbox 846 613 920 633; x_wconf 68' lang='lat' dir='ltr'>civito</span> <span class='ocrx_word' id='word_1_25' title='bbox 935 612 957 632; x_wconf 84' lang='lat' dir='ltr'>di</span> <span class='ocrx_word' id='word_1_26' title='bbox 973 612 1046 633; x_wconf 76' lang='lat' dir='ltr'>storia</span> <span class='ocrx_word' id='word_1_27' title='bbox 1063 614 1123 637; x_wconf 71' lang='lat' dir='ltr'>patr.</span> <span class='ocrx_word' id='word_1_28' title='bbox 1140 611 1161 631; x_wconf 85' lang='lat' dir='ltr'>di</span> <span class='ocrx_word' id='word_1_29' title='bbox 1179 611 1249 632; x_wconf 78' lang='lat' dir='ltr'>Pavia</span> <span class='ocrx_word' id='word_1_30' title='bbox 1266 621 1289 624; x_wconf 88' lang='lat'>-</span> <span class='ocrx_word' id='word_1_31' title='bbox 1306 611 1356 631; x_wconf 75' lang='lat' dir='ltr'>Atti</span> <span class='ocrx_word' id='word_1_32' title='bbox 1372 611 1397 631; x_wconf 80' lang='lat' dir='ltr'>di</span> <span class='ocrx_word' id='word_1_33' title='bbox 1412 610 1571 635; x_wconf 74' lang='lat' dir='ltr'>Provvrsione.</span> <span class='ocrx_word' id='word_1_34' title='bbox 1588 615 1660 636; x_wconf 82' lang='lat' dir='ltr'>paceo</span> <span class='ocrx_word' id='word_1_35' title='bbox 1676 610 1710 634; x_wconf 79' lang='lat'>20)</span> 
     </span>
    </p>
   </div>
   <div class='ocr_carea' id='block_1_6' title="bbox 311 773 1209 888">
    <p class='ocr_par' dir='ltr' id='par_1_6' title="bbox 311 773 1209 888">
     <span class='ocr_line' id='line_1_6' title="bbox 311 773 1209 888; baseline -0.004 -71"><span class='ocrx_word' id='word_1_36' title='bbox 311 773 459 888; x_wconf 80' lang='lat' dir='ltr'>M</span> <span class='ocrx_word' id='word_1_37' title='bbox 500 789 595 822; x_wconf 67' lang='lat' dir='ltr'>DUX,</span> <span class='ocrx_word' id='word_1_38' title='bbox 621 785 674 816; x_wconf 79' lang='lat' dir='ltr'>die</span> <span class='ocrx_word' id='word_1_39' title='bbox 701 784 720 815; x_wconf 88' lang='grc'>2</span> <span class='ocrx_word' id='word_1_40' title='bbox 746 784 960 820; x_wconf 81' lang='lat' dir='ltr'>Novembris,</span> <span class='ocrx_word' id='word_1_41' title='bbox 987 783 1018 814; x_wconf 95' lang='lat' dir='ltr'>in</span> <span class='ocrx_word' id='word_1_42' title='bbox 1046 783 1209 823; x_wconf 83' lang='lat' dir='ltr'>vesperis.</span> 
     </span>
     <span class='ocr_line' id='line_1_7' title="bbox 611 844 1082 881; baseline -0.004 -3"><span class='ocrx_word' id='word_1_43' title='bbox 611 845 809 878; x_wconf 88' lang='lat' dir='ltr'>Convocato</span> <span class='ocrx_word' id='word_1_44' title='bbox 836 844 999 881; x_wconf 83' lang='lat' dir='ltr'>Consilio,</span> <span class='ocrx_word' id='word_1_45' title='bbox 1020 848 1082 876; x_wconf 78' lang='lat' dir='ltr'>etc.</span> 
     </span>
    </p>
   </div>
   <div class='ocr_carea' id='block_1_7' title="bbox 252 907 2082 1945">
    <p class='ocr_par' dir='ltr' id='par_1_7' title="bbox 252 907 2079 1386">
     <span class='ocr_line' id='line_1_8' title="bbox 611 907 2076 948; baseline -0.001 -8"><span class='ocrx_word' id='word_1_46' title='bbox 611 909 689 940; x_wconf 91' lang='lat' dir='ltr'>Item</span> <span class='ocrx_word' id='word_1_47' title='bbox 717 909 841 940; x_wconf 87' lang='lat' dir='ltr'>factum</span> <span class='ocrx_word' id='word_1_48' title='bbox 867 912 918 939; x_wconf 88' lang='lat' dir='ltr'>est</span> <span class='ocrx_word' id='word_1_49' title='bbox 944 908 1101 948; x_wconf 85' lang='lat' dir='ltr'>partitum</span> <span class='ocrx_word' id='word_1_50' title='bbox 1139 916 1180 938; x_wconf 92' lang='lat' dir='ltr'>an</span> <span class='ocrx_word' id='word_1_51' title='bbox 1219 907 1379 947; x_wconf 87' lang='lat' dir='ltr'>expediat</span> <span class='ocrx_word' id='word_1_52' title='bbox 1410 907 1460 938; x_wconf 86' lang='lat' dir='ltr'>vel</span> <span class='ocrx_word' id='word_1_53' title='bbox 1499 916 1538 938; x_wconf 88' lang='lat' dir='ltr'>ne</span> <span class='ocrx_word' id='word_1_54' title='bbox 1575 907 1667 947; x_wconf 86' lang='lat' dir='ltr'>quod</span> <span class='ocrx_word' id='word_1_55' title='bbox 1705 916 1746 938; x_wconf 86' lang='lat' dir='ltr'>ex</span> <span class='ocrx_word' id='word_1_56' title='bbox 1785 916 1872 938; x_wconf 87' lang='lat' dir='ltr'>nunc</span> <span class='ocrx_word' id='word_1_57' title='bbox 1897 907 2076 948; x_wconf 88' lang='lat' dir='ltr'>elligantur</span> 
     </span>
     <span class='ocr_line' id='line_1_9' title="bbox 254 968 2076 1010; baseline 0.001 -10"><span class='ocrx_word' id='word_1_58' title='bbox 254 971 420 1010; x_wconf 72' lang='lat' dir='ltr'>magnifici</span> <span class='ocrx_word' id='word_1_59' title='bbox 447 971 573 1002; x_wconf 87' lang='lat' dir='ltr'>domini</span> <span class='ocrx_word' id='word_1_60' title='bbox 602 971 644 1002; x_wconf 93' lang='lat' dir='ltr'>Io.</span> <span class='ocrx_word' id='word_1_61' title='bbox 672 971 818 1002; x_wconf 80' lang='lat' dir='ltr'>Micliael</span> <span class='ocrx_word' id='word_1_62' title='bbox 845 971 886 1002; x_wconf 90' lang='lat' dir='ltr'>de</span> <span class='ocrx_word' id='word_1_63' title='bbox 913 968 1078 1007; x_wconf 74' lang='lat' dir='ltr'>Gnardis,</span> <span class='ocrx_word' id='word_1_64' title='bbox 1120 969 1336 1000; x_wconf 80' lang='lat' dir='ltr'>Hieronimus</span> <span class='ocrx_word' id='word_1_65' title='bbox 1373 969 1414 1000; x_wconf 88' lang='lat' dir='ltr'>de</span> <span class='ocrx_word' id='word_1_66' title='bbox 1452 968 1608 1000; x_wconf 83' lang='lat' dir='ltr'>Beccaria</span> <span class='ocrx_word' id='word_1_67' title='bbox 1646 969 1686 1000; x_wconf 90' lang='lat' dir='ltr'>de</span> <span class='ocrx_word' id='word_1_68' title='bbox 1713 971 1836 1006; x_wconf 84' lang='lat' dir='ltr'>monte,</span> <span class='ocrx_word' id='word_1_69' title='bbox 1866 968 2076 1010; x_wconf 82' lang='lat' dir='ltr'>Augustinus</span> 
     </span>
     <span class='ocr_line' id='line_1_10' title="bbox 255 1031 2078 1073; baseline 0 -10"><span class='ocrx_word' id='word_1_70' title='bbox 255 1031 392 1064; x_wconf 72' lang='lat' dir='ltr'>Uitrasia</span> <span class='ocrx_word' id='word_1_71' title='bbox 418 1036 449 1064; x_wconf 91' lang='lat' dir='ltr'>et</span> <span class='ocrx_word' id='word_1_72' title='bbox 475 1032 711 1065; x_wconf 82' lang='lat' dir='ltr'>Cliristoforus</span> <span class='ocrx_word' id='word_1_73' title='bbox 737 1033 777 1064; x_wconf 88' lang='lat' dir='ltr'>de</span> <span class='ocrx_word' id='word_1_74' title='bbox 804 1031 917 1069; x_wconf 84' lang='lat' dir='ltr'>Curte,</span> <span class='ocrx_word' id='word_1_75' title='bbox 944 1033 999 1073; x_wconf 84' lang='lat' dir='ltr'>qui</span> <span class='ocrx_word' id='word_1_76' title='bbox 1026 1040 1139 1063; x_wconf 82' lang='lat' dir='ltr'>curam</span> <span class='ocrx_word' id='word_1_77' title='bbox 1167 1032 1313 1063; x_wconf 84' lang='lat' dir='ltr'>habeant</span> <span class='ocrx_word' id='word_1_78' title='bbox 1331 1040 1368 1063; x_wconf 87' lang='lat' dir='ltr'>se</span> <span class='ocrx_word' id='word_1_79' title='bbox 1395 1031 1597 1062; x_wconf 87' lang='lat' dir='ltr'>informandi</span> <span class='ocrx_word' id='word_1_80' title='bbox 1625 1031 1762 1071; x_wconf 87' lang='lat' dir='ltr'>quando</span> <span class='ocrx_word' id='word_1_81' title='bbox 1781 1034 1811 1063; x_wconf 92' lang='lat' dir='ltr'>et</span> <span class='ocrx_word' id='word_1_82' title='bbox 1837 1032 1980 1072; x_wconf 80' lang='lat' dir='ltr'>qualiter</span> <span class='ocrx_word' id='word_1_83' title='bbox 1998 1041 2078 1063; x_wconf 91' lang='lat' dir='ltr'>con-</span> 
     </span>
     <span class='ocr_line' id='line_1_11' title="bbox 252 1092 2077 1136; baseline 0.001 -11"><span class='ocrx_word' id='word_1_84' title='bbox 252 1097 379 1126; x_wconf 87' lang='lat' dir='ltr'>tractus</span> <span class='ocrx_word' id='word_1_85' title='bbox 405 1096 594 1127; x_wconf 86' lang='lat' dir='ltr'>celebratus</span> <span class='ocrx_word' id='word_1_86' title='bbox 621 1096 787 1136; x_wconf 87' lang='lat' dir='ltr'>preteritis</span> <span class='ocrx_word' id='word_1_87' title='bbox 814 1095 988 1126; x_wconf 85' lang='lat' dir='ltr'>mensibus</span> <span class='ocrx_word' id='word_1_88' title='bbox 1016 1095 1100 1126; x_wconf 91' lang='lat' dir='ltr'>inter</span> <span class='ocrx_word' id='word_1_89' title='bbox 1126 1094 1331 1125; x_wconf 86' lang='lat' dir='ltr'>reverendos</span> <span class='ocrx_word' id='word_1_90' title='bbox 1358 1093 1476 1125; x_wconf 88' lang='lat' dir='ltr'>fratres</span> <span class='ocrx_word' id='word_1_91' title='bbox 1502 1092 1624 1126; x_wconf 79' lang='lat' dir='ltr'>Sancte</span> <span class='ocrx_word' id='word_1_92' title='bbox 1653 1094 1758 1126; x_wconf 85' lang='lat' dir='ltr'>Marie</span> <span class='ocrx_word' id='word_1_93' title='bbox 1785 1095 1825 1126; x_wconf 87' lang='lat' dir='ltr'>de</span> <span class='ocrx_word' id='word_1_94' title='bbox 1846 1094 2020 1126; x_wconf 84' lang='lat' dir='ltr'>Mustiolla</span> <span class='ocrx_word' id='word_1_95' title='bbox 2046 1098 2077 1126; x_wconf 90' lang='lat' dir='ltr'>et</span> 
     </span>
     <span class='ocr_line' id='line_1_12' title="bbox 255 1155 2078 1190; baseline 0.001 -3"><span class='ocrx_word' id='word_1_96' title='bbox 255 1156 472 1189; x_wconf 84' lang='lat' dir='ltr'>Venerabiles</span> <span class='ocrx_word' id='word_1_97' title='bbox 498 1158 641 1190; x_wconf 86' lang='lat' dir='ltr'>Matrem</span> <span class='ocrx_word' id='word_1_98' title='bbox 669 1160 699 1189; x_wconf 89' lang='lat' dir='ltr'>et</span> <span class='ocrx_word' id='word_1_99' title='bbox 726 1158 895 1189; x_wconf 84' lang='lat' dir='ltr'>Moniales</span> <span class='ocrx_word' id='word_1_100' title='bbox 922 1157 1115 1188; x_wconf 87' lang='lat' dir='ltr'>monasterii</span> <span class='ocrx_word' id='word_1_101' title='bbox 1144 1156 1272 1187; x_wconf 85' lang='lat' dir='ltr'>Montis</span> <span class='ocrx_word' id='word_1_102' title='bbox 1298 1155 1422 1188; x_wconf 88' lang='lat' dir='ltr'>Oliveti</span> <span class='ocrx_word' id='word_1_103' title='bbox 1454 1157 1656 1188; x_wconf 83' lang='lat' dir='ltr'>successerit</span> <span class='ocrx_word' id='word_1_104' title='bbox 1691 1159 1722 1188; x_wconf 90' lang='lat' dir='ltr'>et</span> <span class='ocrx_word' id='word_1_105' title='bbox 1747 1157 1901 1188; x_wconf 87' lang='lat' dir='ltr'>effectum</span> <span class='ocrx_word' id='word_1_106' title='bbox 1937 1158 2078 1189; x_wconf 88' lang='lat' dir='ltr'>sortitus</span> 
     </span>
     <span class='ocr_line' id='line_1_13' title="bbox 254 1219 2077 1261; baseline 0.001 -11"><span class='ocrx_word' id='word_1_107' title='bbox 254 1219 352 1251; x_wconf 87' lang='lat' dir='ltr'>fuerit</span> <span class='ocrx_word' id='word_1_108' title='bbox 379 1220 463 1251; x_wconf 85' lang='lat' dir='ltr'>infer</span> <span class='ocrx_word' id='word_1_109' title='bbox 489 1221 584 1261; x_wconf 89' lang='lat' dir='ltr'>ipsos</span> <span class='ocrx_word' id='word_1_110' title='bbox 610 1223 641 1252; x_wconf 89' lang='lat' dir='ltr'>et</span> <span class='ocrx_word' id='word_1_111' title='bbox 667 1223 765 1261; x_wconf 86' lang='lat' dir='ltr'>prout</span> <span class='ocrx_word' id='word_1_112' title='bbox 792 1220 1015 1260; x_wconf 82' lang='lat' dir='ltr'>compererint</span> <span class='ocrx_word' id='word_1_113' title='bbox 1042 1228 1106 1250; x_wconf 90' lang='lat' dir='ltr'>una</span> <span class='ocrx_word' id='word_1_114' title='bbox 1132 1228 1207 1250; x_wconf 87' lang='grc'>011111</span> <span class='ocrx_word' id='word_1_115' title='bbox 1233 1228 1349 1250; x_wconf 82' lang='grc'>00111111</span> <span class='ocrx_word' id='word_1_116' title='bbox 1367 1228 1531 1259; x_wconf 87' lang='lat' dir='ltr'>apparere</span> <span class='ocrx_word' id='word_1_117' title='bbox 1557 1219 1711 1251; x_wconf 87' lang='lat' dir='ltr'>refferant</span> <span class='ocrx_word' id='word_1_118' title='bbox 1737 1222 1770 1250; x_wconf 91' lang='lat' dir='ltr'>ut</span> <span class='ocrx_word' id='word_1_119' title='bbox 1789 1220 1971 1260; x_wconf 84' lang='lat' dir='ltr'>superinde</span> <span class='ocrx_word' id='word_1_120' title='bbox 1989 1220 2077 1252; x_wconf 88' lang='lat' dir='ltr'>circa</span> 
     </span>
     <span class='ocr_line' id='line_1_14' title="bbox 254 1280 2079 1322; baseline 0.001 -9"><span class='ocrx_word' id='word_1_121' title='bbox 254 1283 449 1322; x_wconf 84' lang='lat' dir='ltr'>petitionem</span> <span class='ocrx_word' id='word_1_122' title='bbox 477 1282 557 1314; x_wconf 93' lang='lat' dir='ltr'>lllmi</span> <span class='ocrx_word' id='word_1_123' title='bbox 585 1285 615 1314; x_wconf 89' lang='lat' dir='ltr'>et</span> <span class='ocrx_word' id='word_1_124' title='bbox 642 1282 758 1316; x_wconf 75' lang='lat' dir='ltr'>Revmi</span> <span class='ocrx_word' id='word_1_125' title='bbox 779 1282 818 1314; x_wconf 91' lang='lat' dir='ltr'>D.</span> <span class='ocrx_word' id='word_1_126' title='bbox 839 1281 1089 1314; x_wconf 75' lang='lat' dir='ltr'>Protlionotarii</span> <span class='ocrx_word' id='word_1_127' title='bbox 1110 1280 1309 1313; x_wconf 82' lang='lat' dir='ltr'>Pallavicini</span> <span class='ocrx_word' id='word_1_128' title='bbox 1330 1282 1439 1322; x_wconf 89' lang='lat' dir='ltr'>possit</span> <span class='ocrx_word' id='word_1_129' title='bbox 1457 1282 1646 1313; x_wconf 89' lang='lat' dir='ltr'>deliberari.</span> <span class='ocrx_word' id='word_1_130' title='bbox 1666 1281 1705 1313; x_wconf 83' lang='lat' dir='ltr'>Et</span> <span class='ocrx_word' id='word_1_131' title='bbox 1730 1282 1819 1313; x_wconf 88' lang='lat' dir='ltr'>datis</span> <span class='ocrx_word' id='word_1_132' title='bbox 1846 1282 1969 1314; x_wconf 89' lang='lat' dir='ltr'>balotis</span> <span class='ocrx_word' id='word_1_133' title='bbox 1987 1291 2079 1314; x_wconf 75' lang='lat' dir='ltr'>sum-</span> 
     </span>
     <span class='ocr_line' id='line_1_15' title="bbox 255 1343 1526 1386; baseline -0.001 -11"><span class='ocrx_word' id='word_1_134' title='bbox 255 1345 390 1385; x_wconf 79' lang='lat' dir='ltr'>ptisque</span> <span class='ocrx_word' id='word_1_135' title='bbox 417 1345 588 1386; x_wconf 75' lang='lat' dir='ltr'>suffragiis</span> <span class='ocrx_word' id='word_1_136' title='bbox 613 1346 787 1376; x_wconf 88' lang='lat' dir='ltr'>obtentum</span> <span class='ocrx_word' id='word_1_137' title='bbox 815 1345 876 1376; x_wconf 85' lang='lat' dir='ltr'>fuit</span> <span class='ocrx_word' id='word_1_138' title='bbox 903 1345 1060 1385; x_wconf 87' lang='lat' dir='ltr'>partitum</span> <span class='ocrx_word' id='word_1_139' title='bbox 1088 1343 1180 1384; x_wconf 82' lang='lat' dir='ltr'>quod</span> <span class='ocrx_word' id='word_1_140' title='bbox 1206 1344 1263 1374; x_wconf 90' lang='lat' dir='ltr'>fiat</span> <span class='ocrx_word' id='word_1_141' title='bbox 1289 1346 1387 1384; x_wconf 85' lang='lat' dir='ltr'>prout</span> <span class='ocrx_word' id='word_1_142' title='bbox 1413 1352 1526 1384; x_wconf 84' lang='lat' dir='ltr'>supra.</span> 
     </span>
    </p>

    <p class='ocr_par' dir='ltr' id='par_1_8' title="bbox 348 1407 1099 1447">
     <span class='ocr_line' id='line_1_16' title="bbox 348 1407 1099 1447; baseline -0.001 -9"><span class='ocrx_word' id='word_1_143' title='bbox 348 1407 439 1439; x_wconf 80' lang='lat'>1559,</span> <span class='ocrx_word' id='word_1_144' title='bbox 465 1407 519 1438; x_wconf 90' lang='lat' dir='ltr'>die</span> <span class='ocrx_word' id='word_1_145' title='bbox 548 1407 613 1438; x_wconf 88' lang='lat' dir='ltr'><strong>XIII</strong></span> <span class='ocrx_word' id='word_1_146' title='bbox 641 1407 848 1445; x_wconf 78' lang='lat' dir='ltr'>novembriS,</span> <span class='ocrx_word' id='word_1_147' title='bbox 876 1407 906 1438; x_wconf 94' lang='lat' dir='ltr'>in</span> <span class='ocrx_word' id='word_1_148' title='bbox 935 1407 1099 1447; x_wconf 86' lang='lat' dir='ltr'>vesperis.</span> 
     </span>
    </p>

    <p class='ocr_par' dir='ltr' id='par_1_9' title="bbox 344 1467 816 1507">
     <span class='ocr_line' id='line_1_17' title="bbox 344 1467 816 1507; baseline 0.004 -8"><span class='ocrx_word' id='word_1_149' title='bbox 344 1467 545 1501; x_wconf 83' lang='lat' dir='ltr'>Convocato</span> <span class='ocrx_word' id='word_1_150' title='bbox 571 1470 724 1507; x_wconf 89' lang='lat' dir='ltr'>consilio,</span> <span class='ocrx_word' id='word_1_151' title='bbox 755 1472 816 1501; x_wconf 72' lang='grc'>010.</span> 
     </span>
    </p>

    <p class='ocr_par' dir='ltr' id='par_1_10' title="bbox 253 1530 2082 1945">
     <span class='ocr_line' id='line_1_18' title="bbox 345 1530 2073 1572; baseline 0.001 -11"><span class='ocrx_word' id='word_1_152' title='bbox 345 1530 421 1562; x_wconf 88' lang='lat' dir='ltr'>Item</span> <span class='ocrx_word' id='word_1_153' title='bbox 449 1530 572 1563; x_wconf 88' lang='lat' dir='ltr'>factum</span> <span class='ocrx_word' id='word_1_154' title='bbox 599 1534 649 1563; x_wconf 86' lang='lat' dir='ltr'>est</span> <span class='ocrx_word' id='word_1_155' title='bbox 675 1533 832 1572; x_wconf 90' lang='lat' dir='ltr'>partitum</span> <span class='ocrx_word' id='word_1_156' title='bbox 859 1541 900 1563; x_wconf 84' lang='lat' dir='ltr'>an</span> <span class='ocrx_word' id='word_1_157' title='bbox 927 1531 1089 1571; x_wconf 85' lang='lat' dir='ltr'>expediat</span> <span class='ocrx_word' id='word_1_158' title='bbox 1115 1531 1165 1562; x_wconf 88' lang='lat' dir='ltr'>vel</span> <span class='ocrx_word' id='word_1_159' title='bbox 1201 1540 1241 1562; x_wconf 90' lang='lat' dir='ltr'>ne</span> <span class='ocrx_word' id='word_1_160' title='bbox 1268 1531 1424 1562; x_wconf 87' lang='lat' dir='ltr'>videlicet</span> <span class='ocrx_word' id='word_1_161' title='bbox 1461 1531 1553 1571; x_wconf 86' lang='lat' dir='ltr'>quod</span> <span class='ocrx_word' id='word_1_162' title='bbox 1589 1531 1676 1562; x_wconf 85' lang='lat' dir='ltr'>circa</span> <span class='ocrx_word' id='word_1_163' title='bbox 1713 1531 1890 1571; x_wconf 88' lang='lat' dir='ltr'>proposita</span> <span class='ocrx_word' id='word_1_164' title='bbox 1926 1530 2015 1563; x_wconf 88' lang='lat' dir='ltr'>facta</span> <span class='ocrx_word' id='word_1_165' title='bbox 2042 1531 2073 1562; x_wconf 93' lang='lat' dir='ltr'>in</span> 
     </span>
     <span class='ocr_line' id='line_1_19' title="bbox 253 1591 2081 1633; baseline 0.001 -10"><span class='ocrx_word' id='word_1_166' title='bbox 253 1601 356 1624; x_wconf 85' lang='lat' dir='ltr'>causa</span> <span class='ocrx_word' id='word_1_167' title='bbox 383 1594 576 1625; x_wconf 86' lang='lat' dir='ltr'>monialium</span> <span class='ocrx_word' id='word_1_168' title='bbox 604 1594 733 1626; x_wconf 86' lang='lat' dir='ltr'>Montis</span> <span class='ocrx_word' id='word_1_169' title='bbox 758 1593 881 1625; x_wconf 87' lang='lat' dir='ltr'>Oliveti</span> <span class='ocrx_word' id='word_1_170' title='bbox 909 1596 939 1625; x_wconf 88' lang='lat' dir='ltr'>et</span> <span class='ocrx_word' id='word_1_171' title='bbox 965 1593 1084 1625; x_wconf 87' lang='lat' dir='ltr'>fratres</span> <span class='ocrx_word' id='word_1_172' title='bbox 1110 1591 1223 1625; x_wconf 85' lang='lat' dir='ltr'>Sancti</span> <span class='ocrx_word' id='word_1_173' title='bbox 1242 1592 1422 1633; x_wconf 80' lang='lat' dir='ltr'>Augustini</span> <span class='ocrx_word' id='word_1_174' title='bbox 1449 1594 1634 1625; x_wconf 88' lang='lat' dir='ltr'>occaxione</span> <span class='ocrx_word' id='word_1_175' title='bbox 1654 1594 1846 1625; x_wconf 88' lang='lat' dir='ltr'>monasterii</span> <span class='ocrx_word' id='word_1_176' title='bbox 1866 1592 1985 1625; x_wconf 87' lang='lat' dir='ltr'>Sancte</span> <span class='ocrx_word' id='word_1_177' title='bbox 2004 1593 2081 1625; x_wconf 88' lang='lat' dir='ltr'>Mo-</span> 
     </span>
     <span class='ocr_line' id='line_1_20' title="bbox 255 1655 2082 1697; baseline 0.001 -11"><span class='ocrx_word' id='word_1_178' title='bbox 255 1655 364 1689; x_wconf 84' lang='lat' dir='ltr'>stiole.</span> <span class='ocrx_word' id='word_1_179' title='bbox 390 1658 420 1686; x_wconf 91' lang='lat' dir='ltr'>et</span> <span class='ocrx_word' id='word_1_180' title='bbox 445 1658 572 1687; x_wconf 87' lang='lat' dir='ltr'>attento</span> <span class='ocrx_word' id='word_1_181' title='bbox 598 1657 690 1697; x_wconf 83' lang='lat' dir='ltr'>quod</span> <span class='ocrx_word' id='word_1_182' title='bbox 718 1657 810 1688; x_wconf 84' lang='lat' dir='ltr'>inulti</span> <span class='ocrx_word' id='word_1_183' title='bbox 836 1657 930 1688; x_wconf 83' lang='lat' dir='ltr'>clves</span> <span class='ocrx_word' id='word_1_184' title='bbox 956 1656 1160 1697; x_wconf 89' lang='lat' dir='ltr'>pretendunt</span> <span class='ocrx_word' id='word_1_185' title='bbox 1185 1655 1298 1696; x_wconf 81' lang='lat' dir='ltr'>dignis</span> <span class='ocrx_word' id='word_1_186' title='bbox 1325 1656 1536 1695; x_wconf 89' lang='lat' dir='ltr'>respectibus</span> <span class='ocrx_word' id='word_1_187' title='bbox 1577 1656 1759 1687; x_wconf 86' lang='lat' dir='ltr'>favendum</span> <span class='ocrx_word' id='word_1_188' title='bbox 1784 1664 1862 1688; x_wconf 87' lang='lat' dir='ltr'>csse</span> <span class='ocrx_word' id='word_1_189' title='bbox 1888 1656 2082 1687; x_wconf 87' lang='lat' dir='ltr'>reverendis</span> 
     </span>
     <span class='ocr_line' id='line_1_21' title="bbox 257 1717 2079 1759; baseline 0.001 -11"><span class='ocrx_word' id='word_1_190' title='bbox 257 1717 429 1749; x_wconf 83' lang='lat' dir='ltr'>Fratribus</span> <span class='ocrx_word' id='word_1_191' title='bbox 453 1719 563 1750; x_wconf 84' lang='lat' dir='ltr'>sancti</span> <span class='ocrx_word' id='word_1_192' title='bbox 591 1718 784 1759; x_wconf 83' lang='lat' dir='ltr'>Augustini,</span> <span class='ocrx_word' id='word_1_193' title='bbox 811 1721 841 1750; x_wconf 90' lang='lat' dir='ltr'>et</span> <span class='ocrx_word' id='word_1_194' title='bbox 867 1719 970 1759; x_wconf 88' lang='lat' dir='ltr'>aliqui</span> <span class='ocrx_word' id='word_1_195' title='bbox 997 1719 1052 1750; x_wconf 88' lang='lat' dir='ltr'>alii</span> <span class='ocrx_word' id='word_1_196' title='bbox 1078 1720 1109 1749; x_wconf 92' lang='lat' dir='ltr'>et</span> <span class='ocrx_word' id='word_1_197' title='bbox 1135 1718 1294 1758; x_wconf 89' lang='lat' dir='ltr'>precipue</span> <span class='ocrx_word' id='word_1_198' title='bbox 1325 1718 1532 1749; x_wconf 87' lang='lat' dir='ltr'>reverendus</span> <span class='ocrx_word' id='word_1_199' title='bbox 1559 1720 1589 1749; x_wconf 90' lang='lat' dir='ltr'>et</span> <span class='ocrx_word' id='word_1_200' title='bbox 1617 1718 1756 1749; x_wconf 86' lang='lat' dir='ltr'>illustris</span> <span class='ocrx_word' id='word_1_201' title='bbox 1790 1719 1902 1759; x_wconf 85' lang='lat' dir='ltr'>regius</span> <span class='ocrx_word' id='word_1_202' title='bbox 1942 1720 2079 1749; x_wconf 88' lang='lat' dir='ltr'>senator</span> 
     </span>
     <span class='ocr_line' id='line_1_22' title="bbox 258 1778 2080 1821; baseline 0 -10"><span class='ocrx_word' id='word_1_203' title='bbox 258 1778 297 1811; x_wconf 90' lang='lat' dir='ltr'>D.</span> <span class='ocrx_word' id='word_1_204' title='bbox 326 1779 582 1812; x_wconf 81' lang='lat' dir='ltr'>Protonotarius</span> <span class='ocrx_word' id='word_1_205' title='bbox 609 1780 839 1812; x_wconf 81' lang='lat' dir='ltr'>Pallavicinus</span> <span class='ocrx_word' id='word_1_206' title='bbox 880 1782 1020 1821; x_wconf 89' lang='lat' dir='ltr'>cupiunt</span> <span class='ocrx_word' id='word_1_207' title='bbox 1046 1781 1136 1821; x_wconf 87' lang='lat' dir='ltr'>quod</span> <span class='ocrx_word' id='word_1_208' title='bbox 1174 1781 1296 1813; x_wconf 85' lang='lat' dir='ltr'>civitas</span> <span class='ocrx_word' id='word_1_209' title='bbox 1332 1780 1461 1811; x_wconf 85' lang='lat' dir='ltr'>faveret</span> <span class='ocrx_word' id='word_1_210' title='bbox 1498 1780 1568 1811; x_wconf 87' lang='lat' dir='ltr'>iura</span> <span class='ocrx_word' id='word_1_211' title='bbox 1605 1780 1768 1811; x_wconf 87' lang='lat' dir='ltr'>dictarum</span> <span class='ocrx_word' id='word_1_212' title='bbox 1806 1780 2013 1818; x_wconf 82' lang='lat' dir='ltr'>monialium,</span> <span class='ocrx_word' id='word_1_213' title='bbox 2049 1783 2080 1812; x_wconf 87' lang='lat' dir='ltr'>et</span> 
     </span>
     <span class='ocr_line' id='line_1_23' title="bbox 258 1842 2081 1882; baseline 0 -9"><span class='ocrx_word' id='word_1_214' title='bbox 258 1844 436 1882; x_wconf 83' lang='lat' dir='ltr'>propterea</span> <span class='ocrx_word' id='word_1_215' title='bbox 463 1843 599 1874; x_wconf 90' lang='lat' dir='ltr'>attentis</span> <span class='ocrx_word' id='word_1_216' title='bbox 625 1844 723 1874; x_wconf 89' lang='lat' dir='ltr'>iustis</span> <span class='ocrx_word' id='word_1_217' title='bbox 750 1844 938 1875; x_wconf 86' lang='lat' dir='ltr'>rationibus</span> <span class='ocrx_word' id='word_1_218' title='bbox 963 1846 994 1875; x_wconf 90' lang='lat' dir='ltr'>et</span> <span class='ocrx_word' id='word_1_219' title='bbox 1020 1844 1133 1874; x_wconf 87' lang='lat' dir='ltr'>causis</span> <span class='ocrx_word' id='word_1_220' title='bbox 1159 1843 1328 1880; x_wconf 67' lang='lat' dir='ltr'>deducus,</span> <span class='ocrx_word' id='word_1_221' title='bbox 1353 1842 1477 1874; x_wconf 83' lang='lat' dir='ltr'>factum</span> <span class='ocrx_word' id='word_1_222' title='bbox 1503 1844 1555 1874; x_wconf 90' lang='lat' dir='ltr'>est</span> <span class='ocrx_word' id='word_1_223' title='bbox 1581 1843 1738 1882; x_wconf 90' lang='lat' dir='ltr'>partitum</span> <span class='ocrx_word' id='word_1_224' title='bbox 1765 1851 1805 1873; x_wconf 91' lang='lat' dir='ltr'>an</span> <span class='ocrx_word' id='word_1_225' title='bbox 1832 1843 1992 1882; x_wconf 88' lang='lat' dir='ltr'>expediat</span> <span class='ocrx_word' id='word_1_226' title='bbox 2028 1842 2081 1874; x_wconf 86' lang='lat' dir='ltr'>vel</span> 
     </span>
     <span class='ocr_line' id='line_1_24' title="bbox 258 1904 2082 1945; baseline 0.001 -11"><span class='ocrx_word' id='word_1_227' title='bbox 258 1913 308 1941; x_wconf 82' lang='lat' dir='ltr'>ne,</span> <span class='ocrx_word' id='word_1_228' title='bbox 335 1904 501 1941; x_wconf 81' lang='lat' dir='ltr'>videlicet,</span> <span class='ocrx_word' id='word_1_229' title='bbox 529 1905 620 1945; x_wconf 82' lang='lat' dir='ltr'>quod</span> <span class='ocrx_word' id='word_1_230' title='bbox 649 1906 679 1936; x_wconf 91' lang='lat' dir='ltr'>in</span> <span class='ocrx_word' id='word_1_231' title='bbox 706 1905 901 1937; x_wconf 81' lang='lat' dir='ltr'>huiusmodi</span> <span class='ocrx_word' id='word_1_232' title='bbox 929 1905 1064 1945; x_wconf 86' lang='lat' dir='ltr'>negotio</span> <span class='ocrx_word' id='word_1_233' title='bbox 1090 1905 1150 1936; x_wconf 86' lang='lat' dir='ltr'>hec</span> <span class='ocrx_word' id='word_1_234' title='bbox 1175 1906 1297 1937; x_wconf 90' lang='lat' dir='ltr'>civitas</span> <span class='ocrx_word' id='word_1_235' title='bbox 1323 1914 1388 1936; x_wconf 91' lang='lat' dir='ltr'>non</span> <span class='ocrx_word' id='word_1_236' title='bbox 1415 1913 1451 1936; x_wconf 88' lang='lat' dir='ltr'>se</span> <span class='ocrx_word' id='word_1_237' title='bbox 1477 1905 1639 1945; x_wconf 88' lang='lat' dir='ltr'>impediat</span> <span class='ocrx_word' id='word_1_238' title='bbox 1664 1906 1695 1935; x_wconf 89' lang='lat' dir='ltr'>et</span> <span class='ocrx_word' id='word_1_239' title='bbox 1721 1904 1813 1935; x_wconf 93' lang='lat' dir='ltr'>nullo</span> <span class='ocrx_word' id='word_1_240' title='bbox 1840 1906 1938 1944; x_wconf 90' lang='lat' dir='ltr'>pacto</span> <span class='ocrx_word' id='word_1_241' title='bbox 1965 1905 1995 1935; x_wconf 92' lang='lat' dir='ltr'>in</span> <span class='ocrx_word' id='word_1_242' title='bbox 2022 1905 2082 1936; x_wconf 76' lang='lat' dir='ltr'>liu-</span> 
     </span>
    </p>
   </div>
   <div class='ocr_carea' id='block_1_8' title="bbox 260 1967 2077 2069">
    <p class='ocr_par' dir='ltr' id='par_1_11' title="bbox 260 1967 2077 2069">
     <span class='ocr_line' id='line_1_25' title="bbox 260 1967 2077 2008; baseline 0.001 -11"><span class='ocrx_word' id='word_1_243' title='bbox 260 1967 405 1997; x_wconf 89' lang='lat' dir='ltr'>iusmodi</span> <span class='ocrx_word' id='word_1_244' title='bbox 434 1976 466 1998; x_wconf 91' lang='lat' dir='ltr'>re</span> <span class='ocrx_word' id='word_1_245' title='bbox 494 1976 559 1998; x_wconf 88' lang='lat' dir='ltr'>non</span> <span class='ocrx_word' id='word_1_246' title='bbox 597 1970 687 1998; x_wconf 90' lang='lat' dir='ltr'>esset</span> <span class='ocrx_word' id='word_1_247' title='bbox 723 1968 929 2008; x_wconf 84' lang='lat' dir='ltr'>apponenda</span> <span class='ocrx_word' id='word_1_248' title='bbox 968 1976 1088 1998; x_wconf 88' lang='lat' dir='ltr'>manus</span> <span class='ocrx_word' id='word_1_249' title='bbox 1121 1970 1151 1998; x_wconf 89' lang='lat' dir='ltr'>et</span> <span class='ocrx_word' id='word_1_250' title='bbox 1178 1969 1270 2008; x_wconf 86' lang='lat' dir='ltr'>quod</span> <span class='ocrx_word' id='word_1_251' title='bbox 1310 1967 1494 2007; x_wconf 90' lang='lat' dir='ltr'>superinde</span> <span class='ocrx_word' id='word_1_252' title='bbox 1521 1967 1711 1998; x_wconf 86' lang='lat' dir='ltr'>scribantur</span> <span class='ocrx_word' id='word_1_253' title='bbox 1751 1967 1857 1998; x_wconf 87' lang='lat' dir='ltr'>littere</span> <span class='ocrx_word' id='word_1_254' title='bbox 1886 1969 2077 2008; x_wconf 90' lang='lat' dir='ltr'>opportune</span> 
     </span>
     <span class='ocr_line' id='line_1_26' title="bbox 260 2028 1480 2069; baseline 0.002 -10"><span class='ocrx_word' id='word_1_255' title='bbox 260 2028 389 2069; x_wconf 89' lang='lat' dir='ltr'>prefato</span> <span class='ocrx_word' id='word_1_256' title='bbox 417 2029 535 2060; x_wconf 88' lang='lat' dir='ltr'>illustri</span> <span class='ocrx_word' id='word_1_257' title='bbox 562 2032 593 2061; x_wconf 87' lang='lat' dir='ltr'>et</span> <span class='ocrx_word' id='word_1_258' title='bbox 619 2030 804 2061; x_wconf 86' lang='lat' dir='ltr'>reverendo</span> <span class='ocrx_word' id='word_1_259' title='bbox 831 2030 970 2061; x_wconf 83' lang='lat' dir='ltr'>domino</span> <span class='ocrx_word' id='word_1_260' title='bbox 997 2029 1234 2061; x_wconf 85' lang='lat' dir='ltr'>Protonotario</span> <span class='ocrx_word' id='word_1_261' title='bbox 1260 2029 1480 2061; x_wconf 82' lang='lat' dir='ltr'>Pallavicino.</span> 
     </span>
    </p>
   </div>
   <div class='ocr_carea' id='block_1_9' title="bbox 349 2090 1828 2133">
    <p class='ocr_par' dir='ltr' id='par_1_12' title="bbox 349 2090 1828 2133">
     <span class='ocr_line' id='line_1_27' title="bbox 349 2090 1828 2133; baseline 0.001 -11"><span class='ocrx_word' id='word_1_262' title='bbox 349 2090 436 2122; x_wconf 88' lang='lat' dir='ltr'>Nota</span> <span class='ocrx_word' id='word_1_263' title='bbox 461 2092 553 2131; x_wconf 85' lang='lat' dir='ltr'>quod</span> <span class='ocrx_word' id='word_1_264' title='bbox 581 2100 722 2132; x_wconf 87' lang='lat' dir='ltr'>presens</span> <span class='ocrx_word' id='word_1_265' title='bbox 748 2093 905 2133; x_wconf 89' lang='lat' dir='ltr'>partitum</span> <span class='ocrx_word' id='word_1_266' title='bbox 933 2101 998 2123; x_wconf 92' lang='lat' dir='ltr'>non</span> <span class='ocrx_word' id='word_1_267' title='bbox 1025 2091 1087 2124; x_wconf 86' lang='lat' dir='ltr'>fuit</span> <span class='ocrx_word' id='word_1_268' title='bbox 1114 2093 1298 2124; x_wconf 87' lang='lat' dir='ltr'>balotatum</span> <span class='ocrx_word' id='word_1_269' title='bbox 1324 2094 1355 2123; x_wconf 88' lang='lat' dir='ltr'>et</span> <span class='ocrx_word' id='word_1_270' title='bbox 1381 2094 1558 2133; x_wconf 89' lang='lat' dir='ltr'>propterea</span> <span class='ocrx_word' id='word_1_271' title='bbox 1585 2091 1646 2123; x_wconf 87' lang='lat' dir='ltr'>fuit</span> <span class='ocrx_word' id='word_1_272' title='bbox 1670 2092 1828 2124; x_wconf 88' lang='lat' dir='ltr'>deletum.</span> 
     </span>
    </p>
   </div>
   <div class='ocr_carea' id='block_1_10' title="bbox 1015 2240 1336 2281">
    <p class='ocr_par' dir='ltr' id='par_1_13' title="bbox 1015 2240 1336 2281">
     <span class='ocr_line' id='line_1_28' title="bbox 1015 2240 1336 2281; baseline -0.006 0"><span class='ocrx_word' id='word_1_273' title='bbox 1015 2240 1336 2281; x_wconf 86' lang='lat' dir='ltr'><strong>CMLXVII.</strong></span> 
     </span>
    </p>
   </div>
   <div class='ocr_carea' id='block_1_11' title="bbox 357 2349 1975 2387">
    <p class='ocr_par' dir='ltr' id='par_1_14' title="bbox 357 2349 1975 2387">
     <span class='ocr_line' id='line_1_29' title="bbox 357 2349 1975 2387; baseline 0.001 -11"><span class='ocrx_word' id='word_1_274' title='bbox 357 2349 414 2377; x_wconf 89' lang='lat' dir='ltr'>Gli</span> <span class='ocrx_word' id='word_1_275' title='bbox 440 2349 633 2377; x_wconf 84' lang='lat' dir='ltr'>Eremitani</span> <span class='ocrx_word' id='word_1_276' title='bbox 661 2358 749 2378; x_wconf 88' lang='lat' dir='ltr'>sono</span> <span class='ocrx_word' id='word_1_277' title='bbox 776 2350 940 2378; x_wconf 84' lang='lat' dir='ltr'>chiamati</span> <span class='ocrx_word' id='word_1_278' title='bbox 967 2350 1105 2378; x_wconf 89' lang='lat' dir='ltr'>innanzi</span> <span class='ocrx_word' id='word_1_279' title='bbox 1130 2351 1162 2378; x_wconf 83' lang='lat' dir='ltr'>al</span> <span class='ocrx_word' id='word_1_280' title='bbox 1188 2351 1314 2379; x_wconf 84' lang='lat' dir='ltr'>Senato</span> <span class='ocrx_word' id='word_1_281' title='bbox 1339 2359 1399 2387; x_wconf 84' lang='lat' dir='ltr'>per</span> <span class='ocrx_word' id='word_1_282' title='bbox 1425 2351 1458 2378; x_wconf 87' lang='grc'>13</span> <span class='ocrx_word' id='word_1_283' title='bbox 1481 2355 1648 2379; x_wconf 86' lang='lat' dir='ltr'>vertenza</span> <span class='ocrx_word' id='word_1_284' title='bbox 1672 2350 1707 2379; x_wconf 91' lang='lat' dir='ltr'>di</span> <span class='ocrx_word' id='word_1_285' title='bbox 1733 2350 1769 2379; x_wconf 89' lang='lat' dir='ltr'>S.</span> <span class='ocrx_word' id='word_1_286' title='bbox 1797 2350 1975 2379; x_wconf 85' lang='lat' dir='ltr'>Mostiola.</span> 
     </span>
    </p>
   </div>
   <div class='ocr_carea' id='block_1_12' title="bbox 869 2445 1506 2477">
    <p class='ocr_par' dir='ltr' id='par_1_15' title="bbox 869 2445 1506 2477">
     <span class='ocr_line' id='line_1_30' title="bbox 869 2445 1506 2477; baseline 0.002 -8"><span class='ocrx_word' id='word_1_287' title='bbox 869 2445 1026 2476; x_wconf 72' lang='lat'>1559,</span> <span class='ocrx_word' id='word_1_288' title='bbox 1046 2447 1392 2477; x_wconf 18' lang='lat' dir='ltr'>11ove111171re9</span> <span class='ocrx_word' id='word_1_289' title='bbox 1416 2445 1506 2470; x_wconf 72' lang='lat'>24.</span> 
     </span>
    </p>
   </div>
   <div class='ocr_carea' id='block_1_13' title="bbox 744 2532 1623 2560">
    <p class='ocr_par' dir='ltr' id='par_1_16' title="bbox 744 2532 1623 2560">
     <span class='ocr_line' id='line_1_31' title="bbox 744 2532 1623 2560; baseline 0.001 -7"><span class='ocrx_word' id='word_1_290' title='bbox 744 2533 821 2554; x_wconf 75' lang='lat' dir='ltr'>(Arcti.</span> <span class='ocrx_word' id='word_1_291' title='bbox 839 2533 898 2553; x_wconf 83' lang='lat' dir='ltr'>della</span> <span class='ocrx_word' id='word_1_292' title='bbox 914 2532 983 2554; x_wconf 79' lang='lat' dir='ltr'>Curia</span> <span class='ocrx_word' id='word_1_293' title='bbox 1000 2534 1117 2554; x_wconf 56' lang='lat' dir='ltr'>vescon-ile</span> <span class='ocrx_word' id='word_1_294' title='bbox 1133 2533 1154 2554; x_wconf 83' lang='lat' dir='ltr'>di</span> <span class='ocrx_word' id='word_1_295' title='bbox 1172 2533 1242 2554; x_wconf 69' lang='lat' dir='ltr'>pavia</span> <span class='ocrx_word' id='word_1_296' title='bbox 1259 2544 1282 2547; x_wconf 90' lang='lat'>—-</span> <span class='ocrx_word' id='word_1_297' title='bbox 1301 2533 1391 2557; x_wconf 72' lang='lat' dir='ltr'>chiese,</span> <span class='ocrx_word' id='word_1_298' title='bbox 1409 2536 1466 2555; x_wconf 69' lang='lat' dir='ltr'>cart⁴</span> <span class='ocrx_word' id='word_1_299' title='bbox 1482 2534 1516 2560; x_wconf 79' lang='lat'>67,</span> <span class='ocrx_word' id='word_1_300' title='bbox 1532 2533 1589 2555; x_wconf 69' lang='lat' dir='ltr'>fasc,</span> <span class='ocrx_word' id='word_1_301' title='bbox 1607 2533 1623 2558; x_wconf 90' lang='grc'>1)</span> 
     </span>
    </p>
   </div>
   <div class='ocr_carea' id='block_1_14' title="bbox 352 2675 2094 2870">
    <p class='ocr_par' dir='ltr' id='par_1_17' title="bbox 352 2675 2094 2870">
     <span class='ocr_line' id='line_1_32' title="bbox 352 2675 1597 2791; baseline 0.002 -58"><span class='ocrx_word' id='word_1_302' title='bbox 352 2675 450 2791; x_wconf 84' lang='grc' dir='ltr'><em>Ρ</em></span> <span class='ocrx_word' id='word_1_303' title='bbox 518 2707 682 2734; x_wconf 64' lang='grc' dir='ltr'>ΗΗΛΡΡυδ</span> <span class='ocrx_word' id='word_1_304' title='bbox 709 2703 947 2744; x_wconf 77' lang='lat' dir='ltr'>Hispaniarum</span> <span class='ocrx_word' id='word_1_305' title='bbox 974 2706 1035 2735; x_wconf 89' lang='grc'>010.</span> <span class='ocrx_word' id='word_1_306' title='bbox 1062 2703 1133 2737; x_wconf 78' lang='lat' dir='ltr'>Rex</span> <span class='ocrx_word' id='word_1_307' title='bbox 1159 2706 1190 2736; x_wconf 88' lang='lat' dir='ltr'>et</span> <span class='ocrx_word' id='word_1_308' title='bbox 1217 2704 1404 2737; x_wconf 86' lang='lat' dir='ltr'>Mediolani</span> <span class='ocrx_word' id='word_1_309' title='bbox 1431 2704 1509 2736; x_wconf 89' lang='lat' dir='ltr'>Dux</span> <span class='ocrx_word' id='word_1_310' title='bbox 1535 2707 1597 2737; x_wconf 89' lang='lat' dir='ltr'>etc.</span> 
     </span>
     <span class='ocr_line' id='line_1_33' title="bbox 630 2764 2092 2809; baseline 0.002 -13"><span class='ocrx_word' id='word_1_311' title='bbox 630 2764 828 2797; x_wconf 86' lang='lat' dir='ltr'>Venerande</span> <span class='ocrx_word' id='word_1_312' title='bbox 854 2766 953 2798; x_wconf 91' lang='lat' dir='ltr'>nobis</span> <span class='ocrx_word' id='word_1_313' title='bbox 978 2766 1099 2798; x_wconf 86' lang='lat' dir='ltr'>dilecte</span> <span class='ocrx_word' id='word_1_314' title='bbox 1124 2764 1185 2806; x_wconf 91' lang='grc'>(1).</span> <span class='ocrx_word' id='word_1_315' title='bbox 1213 2766 1256 2799; x_wconf 91' lang='lat' dir='ltr'>Ut</span> <span class='ocrx_word' id='word_1_316' title='bbox 1281 2768 1444 2799; x_wconf 89' lang='lat' dir='ltr'>maturius</span> <span class='ocrx_word' id='word_1_317' title='bbox 1469 2765 1615 2799; x_wconf 88' lang='lat' dir='ltr'>Senatus</span> <span class='ocrx_word' id='word_1_318' title='bbox 1641 2770 1755 2799; x_wconf 88' lang='lat' dir='ltr'>noster</span> <span class='ocrx_word' id='word_1_319' title='bbox 1780 2767 1966 2799; x_wconf 85' lang='lat' dir='ltr'>deliberare</span> <span class='ocrx_word' id='word_1_320' title='bbox 1982 2768 2092 2809; x_wconf 90' lang='lat' dir='ltr'>possit</span> 
     </span>
     <span class='ocr_line' id='line_1_34' title="bbox 460 2827 2094 2870; baseline 0.001 -11"><span class='ocrx_word' id='word_1_321' title='bbox 460 2863 505 2866; x_wconf 30' lang='grc' dir='ltr'>ἡ</span> <span class='ocrx_word' id='word_1_322' title='bbox 539 2837 642 2868; x_wconf 84' lang='grc' dir='ltr'>511ρο1</span> <span class='ocrx_word' id='word_1_323' title='bbox 666 2828 804 2860; x_wconf 89' lang='lat' dir='ltr'>occlusa</span> <span class='ocrx_word' id='word_1_324' title='bbox 830 2829 1079 2870; x_wconf 88' lang='lat' dir='ltr'>supplicatione</span> <span class='ocrx_word' id='word_1_325' title='bbox 1105 2828 1311 2861; x_wconf 85' lang='lat' dir='ltr'>Abbatissae</span> <span class='ocrx_word' id='word_1_326' title='bbox 1337 2831 1367 2860; x_wconf 91' lang='lat' dir='ltr'>et</span> <span class='ocrx_word' id='word_1_327' title='bbox 1394 2828 1594 2860; x_wconf 87' lang='lat' dir='ltr'>Monialium</span> <span class='ocrx_word' id='word_1_328' title='bbox 1621 2828 1750 2860; x_wconf 87' lang='lat' dir='ltr'>Montis</span> <span class='ocrx_word' id='word_1_329' title='bbox 1775 2827 1900 2861; x_wconf 90' lang='lat' dir='ltr'>Oliveti</span> <span class='ocrx_word' id='word_1_330' title='bbox 1927 2829 2026 2861; x_wconf 80' lang='lat' dir='ltr'>istius</span> <span class='ocrx_word' id='word_1_331' title='bbox 2049 2829 2094 2860; x_wconf 92' lang='lat' dir='ltr'>ci-</span> 
     </span>
    </p>
   </div>
   <div class='ocr_carea' id='block_1_15' title="bbox 279 2984 2089 3057">
    <p class='ocr_par' dir='ltr' id='par_1_18' title="bbox 279 2984 2089 3057">
     <span class='ocr_line' id='line_1_35' title="bbox 347 2984 2089 3012; baseline 0.001 -7"><span class='ocrx_word' id='word_1_332' title='bbox 347 2985 365 3007; x_wconf 85' lang='grc'>1)</span> <span class='ocrx_word' id='word_1_333' title='bbox 381 2984 410 3005; x_wconf 78' lang='lat' dir='ltr'>La</span> <span class='ocrx_word' id='word_1_334' title='bbox 426 2985 508 3005; x_wconf 78' lang='lat' dir='ltr'>lettera</span> <span class='ocrx_word' id='word_1_335' title='bbox 524 2984 535 3005; x_wconf 79' lang='lat' dir='ltr'>&#39;e</span> <span class='ocrx_word' id='word_1_336' title='bbox 551 2985 687 3006; x_wconf 82' lang='lat' dir='ltr'>indirizzata</span> <span class='ocrx_word' id='word_1_337' title='bbox 703 2990 715 3005; x_wconf 80' lang='lat' dir='ltr'>a</span> <span class='ocrx_word' id='word_1_338' title='bbox 732 2984 855 3006; x_wconf 82' lang='lat' dir='ltr'>Gerulamo</span> <span class='ocrx_word' id='word_1_339' title='bbox 877 2984 984 3011; x_wconf 82' lang='lat' dir='ltr'>Scarufli,</span> <span class='ocrx_word' id='word_1_340' title='bbox 1007 2986 1094 3007; x_wconf 80' lang='lat' dir='ltr'>vicario</span> <span class='ocrx_word' id='word_1_341' title='bbox 1117 2991 1154 3007; x_wconf 80' lang='lat' dir='ltr'>ve·</span> <span class='ocrx_word' id='word_1_342' title='bbox 1209 2986 1316 3007; x_wconf 83' lang='lat' dir='ltr'>intimato</span> <span class='ocrx_word' id='word_1_343' title='bbox 1331 2985 1352 3006; x_wconf 88' lang='lat' dir='ltr'>Ia</span> <span class='ocrx_word' id='word_1_344' title='bbox 1367 2986 1482 3007; x_wconf 80' lang='lat' dir='ltr'>citazione</span> <span class='ocrx_word' id='word_1_345' title='bbox 1497 2986 1518 3006; x_wconf 82' lang='lat' dir='ltr'>ai</span> <span class='ocrx_word' id='word_1_346' title='bbox 1535 2985 1644 3011; x_wconf 77' lang='lat' dir='ltr'>Religiosi</span> <span class='ocrx_word' id='word_1_347' title='bbox 1660 2986 1682 3006; x_wconf 86' lang='lat' dir='ltr'>di</span> <span class='ocrx_word' id='word_1_348' title='bbox 1698 2985 1720 3007; x_wconf 85' lang='lat' dir='ltr'>S.</span> <span class='ocrx_word' id='word_1_349' title='bbox 1737 2986 1851 3012; x_wconf 74' lang='lat' dir='ltr'>Agostino</span> <span class='ocrx_word' id='word_1_350' title='bbox 1867 2991 1878 3006; x_wconf 82' lang='lat' dir='ltr'>e</span> <span class='ocrx_word' id='word_1_351' title='bbox 1894 2986 1915 3006; x_wconf 86' lang='lat' dir='ltr'>di</span> <span class='ocrx_word' id='word_1_352' title='bbox 1931 2984 1954 3006; x_wconf 84' lang='lat' dir='ltr'>S.</span> <span class='ocrx_word' id='word_1_353' title='bbox 1978 2985 2089 3007; x_wconf 75' lang='lat' dir='ltr'>Mustiola</span> 
     </span>
     <span class='ocr_line' id='line_1_36' title="bbox 279 3029 1533 3057; baseline 0.002 -8"><span class='ocrx_word' id='word_1_354' title='bbox 279 3029 375 3053; x_wconf 66' lang='lat' dir='ltr'>scoffle,</span> <span class='ocrx_word' id='word_1_355' title='bbox 391 3030 432 3049; x_wconf 73' lang='lat' dir='ltr'>elie</span> <span class='ocrx_word' id='word_1_356' title='bbox 447 3029 467 3049; x_wconf 82' lang='lat' dir='ltr'>ai</span> <span class='ocrx_word' id='word_1_357' title='bbox 483 3030 507 3050; x_wconf 82' lang='lat'>27</span> <span class='ocrx_word' id='word_1_358' title='bbox 524 3030 649 3050; x_wconf 81' lang='lat' dir='ltr'>novembre</span> <span class='ocrx_word' id='word_1_359' title='bbox 667 3030 717 3051; x_wconf 78' lang='lat'>1550</span> <span class='ocrx_word' id='word_1_360' title='bbox 735 3030 876 3055; x_wconf 77' lang='lat' dir='ltr'>rispondeva</span> <span class='ocrx_word' id='word_1_361' title='bbox 898 3030 919 3051; x_wconf 78' lang='lat' dir='ltr'>al</span> <span class='ocrx_word' id='word_1_362' title='bbox 936 3030 1024 3051; x_wconf 74' lang='lat' dir='ltr'>Senam</span> <span class='ocrx_word' id='word_1_363' title='bbox 1040 3030 1061 3050; x_wconf 86' lang='lat' dir='ltr'>di</span> <span class='ocrx_word' id='word_1_364' title='bbox 1083 3036 1154 3051; x_wconf 77' lang='lat' dir='ltr'>avere</span> <span class='ocrx_word' id='word_1_365' title='bbox 1208 3030 1328 3053; x_wconf 79' lang='lat' dir='ltr'>(Archivlo</span> <span class='ocrx_word' id='word_1_366' title='bbox 1344 3036 1355 3051; x_wconf 85' lang='lat' dir='ltr'>e</span> <span class='ocrx_word' id='word_1_367' title='bbox 1368 3030 1430 3057; x_wconf 72' lang='lat' dir='ltr'>susc.</span> <span class='ocrx_word' id='word_1_368' title='bbox 1447 3031 1533 3055; x_wconf 70' lang='lat' dir='ltr'>citati).</span> 
     </span>
    </p>
   </div>
  </div>
 </body>
</html>
