2305 3407
1924 160 1977 191 171

167 292 386 332 capitulum...
411 294 536 324 attenta
561 292 716 324 absentia
741 292 882 324 aliorum
908 291 1079 323 fratrum...
1105 300 1125 323 a
1150 291 1278 332 prefata
1315 292 1450 323 civitate
1488 291 1603 332 papie,
1628 293 1658 324 si
1681 301 1827 333 approva
1852 293 1884 324 la
1912 302 1985 324 ven-

168 354 238 386 dita
262 354 308 386 ad
330 354 473 386 Antonio
498 354 646 386 Morselli
664 363 726 395 per
747 355 804 386 lire
827 355 895 386 200
917 354 1080 395 imperiali
1102 354 1137 386 di
1159 363 1201 385 ιιιι
1227 353 1336 394 affitto
1357 356 1514 394 perpetuo
1539 354 1574 385 cli
1600 354 1641 384 12
1664 354 1771 385 brente
1796 355 1830 386 di
1856 355 1927 386 vino
1945 364 1983 386 su

168 418 247 447 terre
271 416 303 447 ιἰι
328 415 501 452 Stradellu,
525 416 585 456 gie}
610 416 750 448 lasciato
776 416 810 447 a!
835 415 1002 449 Convento
1027 416 1085 448 dal
1101 416 1143 457 su
1168 416 1312 448 Battista
1337 415 1491 447 Bernieri.
1518 415 1545 446 ll
1568 416 1711 447 secondo
1737 418 1870 447 [ruttulo
1895 417 1924 448 si
1941 416 1982 456 fu

167 478 192 511 il
213 478 258 510 28
280 479 428 518 maggio.
454 477 477 509 ιἸ
501 480 589 509 terzo
614 487 631 509 e
656 478 688 509 [ιι
715 479 846 510 vendin]
871 479 906 510 αι’
928 479 982 510 29.

934 679 1205 720 DCCCLII.

255 796 361 824 Frate
387 795 552 824 Timoteo
578 796 722 825 Crivelli
758 797 869 825 rivela
895 797 926 825 le
952 798 1175 826 circostanze
1201 797 1295 825 della
1331 801 1444 825 morte
1470 806 1487 825 e
1513 797 1607 825 della
1634 797 1814 833 sepoltura
1840 797 1874 825 di
1901 797 1984 825 Giu-

167 848 261 877 stino
287 849 329 877 de
356 848 532 883 Tournon,
560 850 724 886 capitano
750 850 784 878 di
811 850 1012 879 Francesco
1037 851 1063 879 Ι.

747 972 908 1003 1634,
942 974 1290 1004 ὃθῒῒυιϊιὶησθ,
1321 973 1397 997 13.

741 1069 819 1093 (Arch.
837 1069 917 1090 Notat.
934 1070 955 1090 di
973 1069 1042 1090 Pavia
1059 1081 1082 1083 -
1099 1070 1146 1090 Atti
1163 1070 1184 1090 di
1202 1070 1302 1090 Adriano
1318 1070 1412 1090 Oleztri*v

404 1226 405 1246 l

179 1236 181 1352 ξι
271 1262 316 1376 Ι
404 1249 435 1326 [Ν
459 1275 594 1306 civitate
620 1274 735 1315 Papie,
763 1274 920 1306 videlicet
947 1275 978 1306 in
1004 1275 1106 1306 domo
1131 1270 1303 1316 appellata
1329 1276 1452 1307 domus
1478 1277 1613 1307 domine
1641 1275 1783 1318 Agnetis
1800 1273 1851 1315 (1)
1877 1279 1908 1308 et
1934 1285 1984 1307 re-

179 1353 181 1384 Ι
404 1334 405 1358 3
433 1337 576 1369 sidentie
602 1337 815 1378 infrascripte
840 1338 1023 1370 reverende
1049 1340 1080 1370 et
1106 1338 1332 1370 illustrissime
1358 1338 1493 1369 domine
1509 1336 1660 1375 CamiHe,
1686 1340 1716 1369 et
1741 1339 1784 1369 ad
1803 1338 1981 1369 fenestram

179 1395 214 1435 i„
311 1435 315 1436 ⁷
432 1399 588 1431 ferratam
614 1400 732 1431 cellule
759 1400 789 1431 in
817 1409 884 1440 qua
909 1400 950 1431 de
977 1401 1124 1441 presenti
1151 1403 1217 1432 stat
1242 1402 1272 1432 et
1299 1400 1427 1431 habitat
1454 1399 1665 1440 infrascripta
1681 1401 1865 1431 reverenda
1892 1403 1921 1432 et
1949 1401 1984 1431 il-

163 1461 368 1493 lustrissima
393 1462 531 1493 domina
557 1460 700 1494 Camilla
727 1463 758 1493 in
786 1463 933 1494 maxima
960 1463 1144 1503 penitentia
1161 1461 1257 1502 (2)....
1295 1460 1511 1494 Constitutus
1552 1463 1760 1493 reverendus
1787 1463 1818 1493 in
1844 1461 1982 1494 Christo

163 1526 258 1564 pater
282 1533 446 1565 sacreque
473 1526 595 1566 pagine
621 1525 795 1566 professor
819 1528 851 1556 et
876 1526 1128 1566 protonotarius
1154 1525 1365 1565 apostolicus
1391 1525 1550 1555 dominus
1569 1525 1729 1565 magister
1747 1524 1983 1562 Tfflmotheus,

163 1585 264 1618 frater
289 1587 469 1627 professus
506 1586 646 1619 Ordinis
684 1587 928 1619 Heremitarum
965 1588 1073 1619 sancti
1111 1587 1292 1628 Augustini
1331 1586 1435 1627 Papie
1471 1587 1802 1627 archipresbiterque
1843 1587 1984 1618 ecclesie

163 1649 270 1680 sancti
296 1648 444 1681 Zenonis
485 1650 554 1690 agri
597 1650 783 1690 papiensis,
810 1650 866 1690 qui
906 1659 965 1690 pro
1003 1650 1245 1681 exoneratione
1281 1649 1489 1680 conscientie
1523 1658 1582 1680 sue
1620 1649 1716 1686 dixit,
1743 1649 1928 1680 notificavit
1953 1651 1984 1680 et

164 1711 367 1751 propalavit,
393 1720 432 1743 ac
459 1712 551 1750 dicit,
578 1712 728 1743 notificat
753 1714 785 1743 et
811 1712 966 1752 propalat
992 1712 1120 1752 prefate
1147 1712 1330 1743 reverende
1357 1712 1545 1752 illustrique
1572 1714 1603 1743 et
1629 1712 1806 1752 magnifice
1847 1712 1982 1743 domine

164 1770 306 1804 Camille
332 1774 373 1804 de
400 1773 569 1815 Aragonia
595 1774 839 1806 marchionisse
866 1773 1117 1806 Pallavicine....
1143 1775 1286 1815 qualiter
1310 1774 1351 1805 de
1376 1783 1464 1805 anno
1490 1782 1588 1805 curso
1615 1774 1792 1805 millesimo
1819 1775 1984 1814 quingen-

164 1835 284 1866 tesimo
310 1836 610 1877 vigesimoquinto‚
638 1824 959 1868 inditioneoctava
986 1839 1017 1868 et
1042 1837 1096 1868 die
1134 1837 1423 1878 vigesimaquarta
1461 1837 1587 1867 mensis
1625 1836 1796 1873 februarii,
1834 1846 1898 1876 que
1924 1836 1985 1868 fuit

165 1897 238 1929 dies
264 1899 368 1929 sancti
396 1898 536 1936 Mathie‚
563 1908 629 1939 qua
656 1899 709 1930 die
735 1899 796 1930 fuit
822 1898 930 1930 factus
957 1900 1115 1940 captivus
1141 1900 1382 1931 serenissimus
1408 1901 1439 1930 et
1464 1899 1769 1930 christianissinnis
1797 1898 1865 1931 Rex
1884 1898 1984 1930 Fran-

164 1960 310 1998 cischus‚
337 1960 398 1992 Dei
424 1962 530 2001 gratia
558 1961 784 1992 Franchorum
824 1961 905 1999 Rex,
942 1962 985 1993 ab
1022 1963 1170 1993 exercitu
1209 1970 1347 1993 cesareo
1373 1962 1415 1993 ad
1442 1962 1656 1993 obsidionem
1696 1962 1842 1992 civitatis
1869 1961 1982 2001 papie,

165 2022 263 2053 etiam
290 2022 398 2054 factus
424 2023 484 2054 fuit
510 2024 668 2064 captivus
694 2023 833 2055 illustris
859 2027 891 2055 et
917 2025 1116 2064 magnificus
1143 2024 1519 2055 dominuslustinnsde
1536 2023 1671 2054 Tornon
1690 2022 1751 2062 (3),
1778 2023 1982 2063 francigena,

164 2084 363 2124 capitaneus
389 2084 506 2125 prefati
534 2086 742 2117 serenissimi
779 2086 905 2116 domini
945 2085 1057 2126 Regis,
1083 2095 1101 2117 a
1128 2095 1195 2126 quo
1232 2086 1370 2117 domino
1397 2086 1437 2117 de
1464 2085 1599 2116 Tornon
1627 2085 1688 2116 fnit
1715 2086 1787 2125 ipse
1825 2085 1983 2115 dominus

164 2146 342 2178 confessor
367 2147 551 2187 requisitus
576 2147 618 2178 ad
644 2156 719 2178 eum
746 2148 974 2179 confitendum
1001 2150 1031 2178 et
1057 2157 1156 2188 quem
1183 2148 1365 2179 confessus
1391 2147 1451 2178 fuit
1479 2148 1616 2178 multum
1638 2147 1722 2178 bene
1741 2156 1814 2178 cum
1836 2147 1982 2178 maxima

164 2209 368 2240 contricione
406 2212 620 2249 peccatorum
647 2219 783 2241 suorum
822 2211 905 2241 trina
943 2211 1026 2247 vice,
1052 2213 1083 2241 et
1108 2210 1226 2250 eydem
1253 2210 1370 2241 detulit
1404 2208 1538 2249 Corpus
1575 2208 1709 2240 Domini
1738 2210 1840 2240 nostri
1868 2208 1980 2240 Yhesu

165 2269 291 2303 Christi
319 2272 349 2302 in
377 2272 610 2303 remissionem
650 2274 863 2312 peccatorum
902 2281 1050 2303 suorum.
1090 2272 1127 2302 Et
1152 2272 1231 2302 dum
1259 2274 1349 2302 esset
1375 2272 1422 2302 sic
1448 2271 1604 2311 captivus
1642 2271 1739 2301 etiam
1768 2271 1798 2301 in
1826 2271 1878 2301 die
1904 2270 1980 2302 festi

165 2332 328 2374 Corporis
355 2333 489 2365 Domini
518 2335 622 2365 nostri
650 2334 764 2365 Yhesu
806 2332 943 2371 Christi,
981 2334 1091 2365 circha
1130 2335 1245 2364 horam
1288 2334 1506 2374 vigessimam
1545 2334 1690 2370 terciam,
1717 2333 1795 2363 dum
1823 2334 1871 2364 sic
1900 2333 1982 2364 foret

166 2396 322 2436 captivus
350 2397 380 2427 in
407 2397 496 2427 dicta
522 2397 624 2427 domo
649 2396 785 2427 domine
812 2396 953 2436 Agnetis
981 2397 1011 2426 in
1040 2396 1189 2436 predicta
1216 2396 1351 2427 civltate
1367 2394 1470 2435 Papie
1486 2396 1562 2426 etin
1579 2404 1705 2435 canepa
1726 2395 1834 2435 ipsius
1860 2395 1982 2426 domus

166 2458 300 2499 ligatus,
326 2461 357 2490 et
384 2459 534 2499 predicto
571 2459 710 2489 domino
747 2459 787 2489 de
825 2458 962 2489 Tornon
1001 2459 1103 2490 dabat
1142 2458 1391 2499 indulgenciam
1431 2458 1626 2498 plenariam.
1654 2467 1719 2497 qua
1747 2457 1896 2497 prefatus
1922 2458 1982 2488 do-

167 2521 278 2552 minus
303 2521 479 2553 confessor
504 2521 717 2562 fungebatur,
744 2520 874 2561 prefato
900 2521 1040 2552 domino
1067 2520 1193 2552 Iustino
1231 2521 1308 2561 quia
1349 2520 1487 2551 multum
1526 2520 1716 2551 minabatur
1742 2520 1782 2551 de
1809 2523 1912 2551 morte
1939 2521 1980 2551 ali

165 2583 339 2624 armigeris
365 2584 583 2615 illustrissimi
610 2584 736 2615 domini
764 2582 869 2614 Ducis
894 2584 935 2614 de
963 2583 1109 2620 Borbon,
1135 2586 1165 2614 et
1193 2584 1222 2613 in
1250 2583 1419 2622 presentia
1447 2582 1585 2622 predicti
1612 2581 1822 2613 confessoris
1848 2581 1909 2613 fuit
1935 2583 1983 2612 in-

166 2645 325 2677 terfectus
350 2655 366 2677 a
394 2646 554 2686 predictis
590 2646 765 2686 armigeris
802 2645 1008 2686 francigenis
1045 2645 1161 2685 prefati
1201 2645 1340 2675 illustris
1381 2645 1506 2675 domini
1545 2644 1585 2675 de
1628 2643 1762 2675 Borbon
1789 2647 1818 2675 et
1845 2643 1905 2674 fuit
1931 2652 1983 2675 se-

167 2708 281 2748 pultus
307 2709 337 2739 in
365 2709 452 2739 dicta
478 2709 580 2739 domo
606 2709 742 2739 domine
769 2707 909 2748 Agnetis
935 2708 966 2738 in
994 2709 1090 2747 prato
1117 2716 1238 2747 magno
1265 2707 1373 2747 ipsius
1400 2707 1522 2737 domus
1540 2708 1569 2738 et
1589 2707 1620 2737 in
1640 2707 1750 2746 capite
1769 2706 1878 2748 ipsius
1897 2706 1979 2746 prati

224 2866 254 2889 (1)
270 2866 325 2887 Vedi
341 2865 386 2886 vol.
404 2866 429 2890 11,
446 2871 498 2891 pag.
517 2866 561 2890 187,
577 2867 640 2886 nota.
1098 2864 1179 2884 chiuso
1195 2869 1237 2884 con
1254 2864 1333 2883 sbarrc
1349 2863 1370 2883 di
1388 2862 1455 2883 terro.

224 2910 254 2934 (2)
269 2910 303 2931 Da
318 2910 369 2931 altri
385 2911 427 2931 atti
444 2910 504 2931 dello
520 2912 598 2931 stesso
614 2910 693 2931 notaio
709 2910 785 2930 Olenii
801 2914 888 2935 appare
904 2909 976 2930 chela
989 2914 1046 2929 ιιι-π-
1154 2908 1183 2930 (Th
1201 2908 1229 2928 Le
1245 2907 1330 2928 notizie
1347 2907 1382 2927 del
1399 2909 1479 2927 nostro
1495 2907 1635 2928 documento
1658 2907 1763 2927 riescono
1786 2906 1921 2932 iniportanti
1938 2911 1977 2931 per

171 2955 240 2975 chesn
256 2954 352 2976 Camilla
376 2955 508 2980 d'Aragona
534 2954 666 2975 Pallavicini
691 2954 772 2975 vivcva
795 2954 830 2974 nel
852 2959 895 2974 sno
912 2953 1009 2979 palazzo
1025 2954 1046 2973 in
1103 2953 1123 2973 la
1139 2952 1210 2973 storia
1226 2952 1262 2972 del
1278 2952 1386 2977 capitano
1411 2952 1518 2972 Giustino
1541 2951 1568 2972 de
1591 2951 1709 2977 Tonrnon,
1726 2951 1739 2971 il
1755 2951 1790 2972 cui
1807 2956 1873 2971 nonic
1889 2950 1976 2970 trnvnsi

171 2998 325 3024 grandissima
351 2999 482 3024 penitenza,
505 2999 714 3019 volontariainente
730 2998 844 3019 rincniusa
861 2998 882 3018 in
899 3003 942 3018 una
959 2998 1046 3023 piccolzi
1102 3002 1192 3022 appena
1209 2996 1326 3017 ricordato
1343 3001 1424 3022 presso
1440 2996 1468 3021 gli
1485 2996 1563 3017 storici
1581 2996 1639 3021 ncgli
1655 2995 1742 3016 elenchi
1758 2996 1793 3016 dei
1811 2995 1951 3020 prigionieri,

171 3043 229 3064 cella
244 3043 266 3063 di
282 3043 357 3069 legno,
374 3043 450 3064 donde
466 3043 525 3064 dava
541 3043 639 3063 udienza
664 3042 820 3064 niostrandosi
837 3042 865 3063 da
882 3047 910 3063 un
927 3041 1047 3062 finestrino
