2305 3407
1930 174 1972 207 53

157 300 305 332 Fratrum
346 301 590 341 presentialiter
630 302 892 333 residentium...
931 302 961 333 in
1000 303 1076 343 ipso
1102 305 1306 335 monasterio
1324 301 1385 344 (l),
1421 305 1531 336 cicinno
1556 305 1745 338 investitura
1771 308 1972 339 ritmovando

156 363 266 403 quella
291 363 344 395 del
371 364 462 399 1504,
489 364 510 395 4
534 372 657 402 marzo,
683 372 703 395 α
728 365 834 404 rogito
860 364 945 396 dello
970 366 1075 397 stesso
1100 366 1213 397 notaio
1239 366 1297 397 che
1315 366 1357 407 sa
1382 366 1406 398 il
1425 369 1575 407 presente
1600 370 1680 402 atto,
1707 368 1774 400 allo
1799 370 1972 410 spettabile

155 426 271 465 signor
292 426 454 466 Agostino
479 426 518 457 de
544 426 686 466 Magnis,
714 426 768 458 del
783 426 825 467 fu
852 426 1030 468 CriStoforo
1056 427 1091 459 cii
1114 418 1249 464 Milano,
1275 428 1358 460 delle
1384 430 1462 460 terre
1477 429 1511 460 di
1524 429 1713 461 Parasacco
1732 431 1762 462 ln
1782 431 1972 469 Lomellina‚

152 496 214 528 per
235 487 377 528 l'afsitto
403 497 512 520 annuo
536 489 572 520 di
596 488 628 520 L.
653 489 722 520 262
744 489 914 530 imperiali,
941 489 984 521 ιιά
1005 491 1147 530 pagarsi
1169 491 1201 522 1'n
1226 490 1289 522 due
1314 493 1392 529 rate,
1418 500 1438 522 a
1465 491 1602 532 Pas-qua
1627 493 1668 524 ed
1692 501 1711 524 a
1738 492 1769 525 S.
1797 494 1950 525 Martino.

958 690 1175 730 DCCIX.

243 798 271 826 11
298 797 523 826 Provinciare
549 797 642 833 degli
668 798 863 826 Eremitani
889 798 986 834 esige
1012 799 1070 827 dai
1096 800 1306 828 Later-anesi
1332 800 1342 828 i
1368 801 1569 830 documenti
1599 802 1842 839 comprovanti
1867 803 1900 831 la
1926 803 1974 832 le-

154 851 323 887 gittimita
348 851 403 879 del
429 851 503 879 loro
529 851 691 887 ingresso
717 851 751 880 in
777 852 812 881 S.
840 852 959 881 Pietro
985 852 1019 880 in
1046 853 1121 881 Ciel
1147 853 1259 885 d'oro,

792 974 955 1006 1609,
984 975 1229 1007 g111g11o‚
1260 976 1352 1001 30.

664 1062 741 1086 (Arcti.
758 1062 838 1084 Notar.
855 1063 876 1084 di
894 1062 972 1084 Pavia.
990 1075 1014 1077 —
1030 1063 1077 1084 Atti
1094 1064 1115 1084 di
1132 1064 1190 1085 Gian
1206 1064 1308 1085 Antonio
1324 1065 1451 1090 Morasco).

260 1248 307 1362 Ι

403 1266 426 1292 Ν
451 1261 553 1292 choro
578 1261 721 1292 ecclesie
747 1261 853 1292 sancti
880 1260 1093 1302 Augustini...
1121 1261 1338 1294 Reverendus
1364 1271 1458 1294 sacre
1477 1263 1599 1303 pagine
1618 1263 1792 1304 professor
1816 1265 1974 1296 dominus

425 1324 585 1364 magister
611 1323 871 1355 Franciscliinus
896 1324 937 1354 de
963 1322 1152 1356 Castelacio
1179 1323 1402 1355 Provincialis
1422 1323 1600 1357 Provincie
1620 1325 1819 1357 Lombardie
1838 1325 1976 1358 Ordinis

425 1385 574 1417 Fratrum
602 1385 843 1416 Heremitarum
871 1386 977 1417 sancti
995 1385 1174 1426 Augustini
1191 1386 1306 1427 Papie,
1321 1387 1362 1418 de
1379 1396 1444 1427 qua
1463 1388 1636 1428 provincia
1651 1390 1682 1419 et
1697 1389 1762 1419 sub
1777 1389 1873 1420 cuius
1890 1389 1975 1430 regi—

155 1449 240 1480 mine
268 1448 372 1487 Prior,
400 1448 542 1486 Fratres,
569 1446 768 1480 Conventus
783 1450 813 1479 et
829 1449 1070 1480 monasterium
1091 1449 1197 1480 sancti
1217 1448 1396 1489 Augustini
1417 1450 1593 1489 papiensis
1613 1450 1720 1490 ipsius
1739 1449 1878 1481 Ordinis
1904 1451 1976 1482 exi-

153 1513 254 1549 stunt,
280 1511 566 1548 animadvertens,
583 1513 616 1542 ut
630 1511 781 1548 aseritur‚
797 1511 837 1542 de
853 1511 999 1551 cuiadam
1015 1511 1071 1542 tali
1087 1511 1177 1551 quali
1198 1512 1445 1543 introductione
1463 1511 1551 1543 tacta
1569 1512 1610 1543 de
1630 1512 1850 1553 infrascriptis
1866 1512 1977 1545 Cano-

154 1574 238 1606 nicis
266 1573 488 1615 Regularibus
515 1574 555 1605 de
581 1572 815 1604 Observancia
842 1574 1116 1615 congregationis
1131 1574 1378 1611 Lateranensis,
1398 1575 1428 1604 in
1446 1574 1554 1605 locum
1571 1575 1807 1606 nonnullorum
1827 1574 1976 1607 Canoni-

156 1645 270 1668 corum
297 1637 512 1676 antiquorum
540 1636 732 1667 monasterii
760 1645 818 1667 seu
845 1636 980 1667 abbatie
1007 1637 1114 1667 sancti
1142 1635 1229 1667 Petri
1246 1637 1277 1667 in
1293 1634 1389 1668 Cello
1414 1645 1516 1667 aureo
1532 1636 1646 1677 Papie,
1662 1638 1703 1668 ad
1719 1646 1754 1669 se
1770 1638 1975 1669 convenien—

155 1699 233 1730 dum
260 1701 291 1730 et
316 1699 358 1730 ad
385 1699 587 1730 cantandum
614 1700 645 1729 et
670 1698 908 1730 celebrandum
925 1699 1039 1730 divina
1055 1699 1166 1730 officia
1182 1699 1213 1729 in
1230 1700 1303 1739 ipsa
1319 1698 1462 1730 ecelesia
1478 1700 1584 1731 sancti
1602 1698 1688 1731 Petri
1706 1701 1736 1731 iu
1753 1699 1848 1732 Cello
1863 1709 1977 1738 aureO,

151 1761 250 1792 etiam
278 1761 384 1792 sancti
412 1760 591 1802 Augustini
619 1762 823 1801 nuncupata,
850 1770 914 1792 una
940 1770 1014 1792 cum
1052 1761 1190 1792 domino
1229 1760 1342 1792 Priore
1369 1763 1399 1792 et
1426 1761 1598 1793 Fratribus
1636 1762 1745 1802 ipsius
1782 1763 1974 1794 monasterii

154 1823 260 1854 sancti
288 1822 466 1863 Augustini
495 1823 669 1863 papiensis
696 1823 759 1854 iam
787 1823 866 1854 dicti
893 1822 1032 1854 Ordinis
1059 1823 1314 1861 Heremitarmn,
1340 1824 1404 1855 sub
1430 1826 1583 1864 pretextu
1618 1825 1794 1856 cuiusdam
1822 1827 1975 1865 pretense

153 1886 185 1916 et
210 1884 391 1916 vociferate
417 1885 585 1916 cessionis
610 1894 670 1916 seu
697 1885 946 1925 resignationis,
971 1886 1099 1917 eisdem
1116 1888 1149 1917 ut
1167 1886 1287 1917 dicitur
1300 1885 1385 1917 tacte
1404 1895 1461 1926 per
1480 1887 1575 1926 ipsos
1593 1887 1752 1926 antiquos
1771 1885 1976 1925 Canonicos‚

153 1949 184 1978 et
210 1947 347 1978 domino
374 1947 575 1979 Provinciali
602 1950 679 1979 tunc
705 1948 870 1978 existente
896 1948 1035 1979 absente
1061 1948 1103 1979 ab
1131 1949 1206 1988 ipso
1233 1949 1436 1979 monasterio
1462 1950 1492 1979 et
1517 1950 1684 1980 conventu
1711 1949 1817 1980 sancti

1860 1949 1975 1990 Augu-

152 2009 229 2039 stini
257 2008 361 2049 Papie
387 2011 418 2040 et
443 2010 717 2041 animadvertens
743 2009 835 2049 quod
863 2010 1025 2041 hactenus
1051 2013 1081 2041 et
1109 2019 1216 2050 usque
1243 2010 1273 2040 in
1302 2011 1545 2050 presentiarum
1574 2011 1674 2047 nulla,
1715 2012 1756 2042 de
1797 2011 1852 2042 tali
1880 2012 1971 2042 voci—

152 2070 255 2102 ferata
281 2072 436 2103 cessione
462 2080 521 2103 seu
548 2072 785 2113 resignatione,
812 2072 983 2113 legiptima
1009 2072 1095 2103 tacta
1114 2073 1223 2104 extitit
1240 2073 1336 2109 tides,
1355 2082 1395 2103 ex
1416 2082 1481 2113 qua
1500 2073 1576 2104 talis
1596 2075 1751 2113 pretensa
1771 2074 1974 2105 introductio

153 2134 310 2165 remansit
336 2135 367 2165 et
393 2136 539 2165 remanet
565 2134 640 2174 ipso
667 2134 736 2165 iure
762 2134 862 2171 nulla,
889 2136 918 2166 et
945 2137 1191 2174 consequenter
1205 2133 1368 2166 Canonici
1385 2135 1449 2175 ipsi
1465 2135 1709 2166 Lateranenses
1724 2135 1974 2175 potiusintruxi

153 2205 253 2235 quain
281 2196 451 2236 legiptime
478 2196 657 2228 introducti
684 2197 750 2227 dici
778 2197 922 2236 possint,
948 2197 992 2227 ob
1019 2197 1109 2236 quod
1136 2196 1286 2237 prefatus
1312 2197 1470 2227 dominus
1498 2196 1720 2228 Provincialis
1746 2197 1894 2237 dictique
1914 2197 1973 2227 do-

153 2258 231 2288 mini
259 2257 353 2288 Prior
378 2260 409 2289 et
436 2258 566 2289 Fratres
592 2258 670 2289 dicti
698 2257 897 2290 Conventus
923 2259 1028 2289 sancti
1057 2258 1235 2298 Augustini
1274 2268 1339 2289 non
1371 2260 1523 2290 tenentur
1560 2259 1751 2296 convenire,
1789 2259 1868 2299 quin
1908 2259 1973 2290 imo

153 2322 220 2351 tute
246 2320 426 2351 convenire
453 2329 517 2351 non
546 2322 689 2360 possunt
704 2329 778 2351 cuin
794 2321 893 2351 dictis
908 2320 1054 2351 dominis
1071 2319 1254 2352 Canonicis
1274 2321 1304 2350 in
1322 2320 1547 2351 celebratione
1565 2321 1755 2351 divinorum
1776 2321 1974 2355 officiorum,

208 2479 239 2497 ill
256 2477 280 2497 Ai
294 2478 316 2497 3¹
335 2478 419 2503 agosto
436 2477 456 2497 di
474 2478 629 2503 quest'auno,
646 2477 658 2497 il
675 2477 783 2503 Capitulo
799 2477 826 2497 da
840 2483 868 2497 un
880 2479 939 2501 atto,
951 2479 1033 2501 rugato

154 2521 183 2542 da
199 2521 256 2542 Giau
273 2521 368 2542 Albcrto
385 2522 502 2546 Moraseo,
519 2527 561 2542 con
577 2522 612 2542 cui
629 2522 647 2542 si
664 2522 743 2547 clcggc
759 2521 817 2542 irate
834 2522 890 2542 Giuu
917 2521 988 2542 l‘aolo
1004 2521 1032 2542 tle

154 2566 277 2587 Arnienolo
293 2566 321 2587 de
337 2566 475 2587 Centenaria
491 2566 645 2586 Procuratore
662 2572 701 2591 per
717 2566 856 2591 raccogliere
868 2565 978 2586 Perenna
990 2566 1031 2586 elic

154 2617 197 2631 suo
213 2611 293 2637 padre,
309 2611 397 2631 Milano
413 2611 441 2631 de
456 2611 580 2631 Arinenolo
603 2611 630 2631 de
653 2610 799 2635 Centenaria,
815 2616 871 2631 aven
895 2611 992 2631 insciam
1014 2611 1034 2630 al

153 2655 283 2681 Conveutn,
300 2656 380 2677 risulta
396 2656 444 2676 cosi
468 2656 604 2676 costituito:
631 2655 780 2676 Revereudus
803 2656 823 2675 in
845 2655 938 2676 Cliristo
960 2655 1031 2675 trater

153 2700 261 2721 dominus
277 2700 387 2725 magister
408 2700 584 2721 Franciscliinus
600 2699 627 2720 dc
643 2699 780 2724 Castelatio,
804 2699 954 2720 Provinciulis
977 2699 1030 2719 ΡιύἼ

154 2744 227 2765 vincie
244 2744 380 2765 Lombardie
396 2744 489 2765 Ordinis
506 2744 673 2765 Heremitaruui
693 2744 766 2764 sancti
783 2744 920 2769 Augustini.
939 2745 961 2764 et
977 2749 1027 2764 cuin

152 2795 206 2810 εο...
223 2789 341 2810 reverendi
355 2794 421 2809 sacre
437 2789 519 2815 pagine
535 2789 682 2815 professores
697 2789 782 2809 domini
799 2789 909 2813 magister
919 2788 1030 2810 lohannes

154 2833 316 2854 Bertolanieus
331 2833 359 2854 de
375 2833 512 2858 Castelatio,
529 2834 640 2858 magister
663 2833 746 2854 Petrus
761 2833 789 2853 de
805 2832 961 2857 Castmnovo,
984 2838 1030 2853 ina-

152 2878 225 2903 gister
240 2878 366 2903 Gregorius
382 2878 409 2898 de
425 2878 543 2902 Vercellis,
560 2879 583 2898 et
598 2878 742 2898 venerabiles
758 2877 843 2898 domini
859 2877 930 2898 irater
946 2877 1029 2898 Petrus

153 2922 181 2943 de
196 2921 285 2944 Caneto
301 2922 455 2947 baenatarius,
471 2922 542 2943 trater
557 2922 670 2943 lohannes
686 2922 714 2943 dc
729 2922 814 2947 Tricio,
830 2921 900 2942 irater
918 2922 1028 2942 Nicolaus

152 2966 180 2987 de
196 2966 314 2992 Fazardis,
330 2966 401 2987 irater
418 2966 504 2987 Paulus
519 2966 547 2987 de
564 2966 644 2993 Papia,
660 2966 730 2987 irater
747 2966 832 2987 Paulus
848 2966 876 2987 de
897 2965 1025 2987 Casteiauo

152 3015 242 3036 cursor,
258 3010 329 3031 irater
345 3010 454 3031 Nicotaus
469 3010 498 3031 de
513 3010 593 3032 Cumis
608 3011 725 3037 subprior,
741 3010 812 3032 irater
823 3010 940 3032 Ansanius
950 3010 978 3031 de
989 3010 1032 3032 Co-

152 3055 262 3081 dognota,
277 3055 348 3077 irater
358 3055 556 3081 Michaelangelus
571 3055 599 3076 de
616 3055 695 3081 Papia,
705 3055 776 3077 frater
787 3056 899 3077 lohannes
915 3055 1030 3076 Antonius

1089 2477 1116 2497 tle
1133 2476 1270 2501 Caste1atio,
1295 2477 1366 2497 frater
1388 2477 1503 2497 Antonius
1519 2477 1546 2498 de
1563 2478 1665 2499 Francia,
1689 2477 1759 2498 irater
1782 2478 1917 2498 Vincentius
1940 2478 1967 2498 de

1088 2522 1206 2546 Bononia,
1223 2521 1294 2542 trater
1310 2522 1454 2547 Augustinus
1470 2522 1498 2542 de
1515 2522 1602 2546 Padua,
1623 2522 1693 2543 irater
1718 2523 1806 2543 Lux-lias
1831 2523 1859 2543 de
1885 2522 1965 2543 Ruma—

1086 2572 1170 2591 guaim,
1186 2566 1256 2586 trater
1273 2566 1379 2592 Baptista
1396 2566 1423 2586 dc
1440 2567 1557 2591 Fivizauo,
1574 2566 1643 2587 irater
1659 2567 1796 2587 tiuilleliuus
1812 2567 1839 2587 (le
1864 2567 1966 2589 Francia,

1090 2610 1160 2630 trater
1177 2611 1289 2631 lohannes
1306 2610 1412 2636 Baptista
1428 2611 1456 2631 de
1472 2610 1560 2635 Genua,
1579 2611 1649 2631 trliter
1665 2611 1792 2636 Gregorius
1808 2612 1835 2632 dc
1851 2612 1966 2636 [lugaria.

1086 2655 1165 2675 Frater
1182 2655 1276 2680 Egidius
1292 2655 1320 2675 de
1336 2655 1463 2680 Alainauia,
1480 2655 1551 2675 trater
1566 2655 1709 2681 Serapiiiuus
1725 2655 1752 2676 de
1768 2658 1850 2676 sancto
1862 2656 1966 2681 Angellu.

1086 2698 1156 2719 irater
1172 2699 1285 2719 lohannes
1301 2698 1408 2724 Baptista
1425 2699 1452 2719 de
1469 2699 1628 2724 Romagnnuo,
1644 2699 1715 2720 trater
1740 2700 1850 2720 Nicolaus
1865 2700 1893 2720 de
1913 2700 1966 2721 Car-

1084 2744 1198 2768 inagnola,
1214 2743 1285 2764 irater
1301 2744 1424 2764 Haurelius
1440 2743 1467 2764 de
1484 2743 1571 2764 Caudia
1587 2746 1608 2764 et
1625 2744 1695 2765 trater
1708 2744 1816 2765 Stetauus
1828 2744 1963 2765 detenta...

1086 2788 1124 2813 qui
1141 2789 1328 2813 representatum
1345 2788 1392 2808 tere
1408 2790 1482 2809 totuin
1499 2789 1520 2809 et
1533 2789 1647 2813 integrunt
1659 2788 1791 2814 Capitulum
1804 2789 1877 2814 ipsius
1889 2795 1966 2809 inona-

1085 2833 1175 2853 sterii„

1138 2877 1185 2898 ene
1200 2877 1258 2898 irate
1274 2877 1331 2898 Gian
1349 2877 1420 2898 Paolo
1437 2877 1464 2898 da
1477 2877 1614 2898 Centenaria
1626 2879 1795 2903 appartencsse
1806 2877 1849 2898 alla
1861 2877 1963 2903 iainiglia

1084 2922 1118 2942 De
1133 2921 1265 2947 Armenoio,
1282 2921 1363 2942 risulta
1379 2921 1407 2942 da
1423 2927 1452 2942 un
1467 2923 1518 2942 atto
1534 2921 1555 2941 di
1572 2921 1629 2942 Gian
1646 2921 1740 2942 Alberto
1756 2921 1865 2942 Mnrasco
1881 2923 1963 2947 rogato

1080 2966 1101 2987 ai
1117 2966 1143 2987 23
1158 2966 1283 2986 novembre
1299 2965 1335 2986 del
1353 2965 1410 2991 1509,
1426 2971 1469 2986 con
1485 2965 1520 2986 cui
1539 2965 1552 2986 il
1564 2965 1736 2986 conservatore
1748 2965 1808 2991 degli
1818 2965 1961 2991 Agostiniani

1086 3010 1182 3031 Stefano
1199 3010 1328 3035 Preottoni,
1345 3009 1459 3031 Prevosto
1475 3009 1511 3031 dcl
1528 3009 1628 3035 Duomo,
1645 3010 1656 3031 e
1672 3010 1744 3031 eletio
1767 3010 1856 3031 arbitro
1878 3016 1918 3036 per
1940 3010 1961 3031 la

1085 3054 1223 3076 detinizione
1238 3054 1297 3075 (tella
1312 3054 1448 3075 liteinsorta
1465 3054 1500 3080 pel
1515 3054 1707 3080 conseguimento
1722 3053 1880 3075 dell'eredita.
