2305 3407
1970 189 2029 220 143

223 324 401 360 conventu,
428 322 518 362 quod
546 321 600 353 illa
626 321 888 352 concederentur
913 319 1046 351 facienti
1073 320 1243 351 meliorem
1261 319 1490 350 conditionem
1511 319 1639 360 prefato
1658 321 1852 359 conventui,
1870 323 1902 352 et
1919 324 2028 353 tamen

225 384 336 415 nullus
361 384 549 424 comparuit
585 384 761 423 hucusque
799 382 916 414 volens
955 382 1123 413 meliorem
1165 381 1393 414 conditionem
1421 381 1530 413 facere
1557 382 1685 422 pretato
1711 384 1903 421 conventui,
1931 393 2029 424 quam

224 446 424 486 infrascripti
467 446 638 477 reverendi
679 445 838 476 dominus
879 446 1038 486 magister
1077 443 1195 476 Petrus
1233 445 1263 476 et
1297 444 1456 475 dominus
1496 444 1595 475 trater
1621 444 1738 482 Lucas,
1765 446 1820 485 qui
1847 446 1945 477 etiam
1973 455 2031 487 pro

224 508 362 540 utilitate
389 508 506 549 prefati
532 509 720 539 conventus
746 515 781 538 se
807 507 1032 538 exhibuerunt
1057 509 1088 539 et
1113 507 1273 538 exhibent
1300 506 1340 538 de
1366 506 1512 537 volendo
1538 507 1627 538 omni
1661 516 1749 538 anno
1774 507 1884 538 fictum
1904 508 2032 548 prefato

223 571 404 602 conventui
430 570 562 602 solvere
589 570 619 600 in
646 570 831 609 quantitate
858 569 898 600 de
925 578 990 609 qua
1017 569 1111 607 intra,
1138 569 1164 600 si
1192 569 1265 609 ipsa
1307 568 1522 608 infrascripta
1552 569 1639 600 bona
1665 569 1794 600 eisdem
1822 570 1974 601 investiri
2001 573 2031 601 et

223 633 364 664 concedi
391 632 506 664 vellint
532 632 562 663 in
590 633 788 671 perpetuum
831 631 895 662 ficti
938 632 1071 662 nomine
1112 640 1185 662 cum
1227 631 1336 670 pactis
1361 632 1391 661 et
1416 631 1690 668 coventionibus‚
1717 631 1758 663 de
1785 632 1910 671 quibus
1936 631 2031 663 infra.

225 694 380 726 Pertanto
404 693 566 725 rodunato
591 693 614 724 il
640 691 802 733 Commio,
829 693 869 724 de
896 693 1087 725 mandato...
1126 693 1300 725 reverendi
1338 702 1433 725 sacre
1471 693 1640 734 theologie
1677 693 1883 734 professoris
1908 694 2032 725 domini

226 757 374 798 magistri
401 755 570 788 Gabrielis
595 755 636 786 de
663 754 768 795 Papia
795 754 954 787 Prioris...
981 756 1011 787 in
1039 764 1140 796 quo...
1166 756 1340 787 aderant...
1376 764 1450 786 cum
1488 764 1561 787 eo...
1588 756 1795 787 reverendus
1821 765 1915 787 sacre
1941 757 2035 788 theo—

225 820 312 860 logie
338 818 511 858 professor
536 817 694 849 dominus
721 818 879 858 magister
905 817 1024 849 Petrus
1061 818 1102 849 de
1138 807 1299 855 Canellis,
1337 817 1437 849 frater
1465 817 1627 849 Nicolaus
1652 818 1693 849 de
1719 817 1871 849 Bononia
1898 827 2028 859 regens.

224 882 325 912 frater
349 880 392 911 lo.
420 879 562 911 lacobus
587 880 628 911 de
654 878 852 912 Castellatio
879 880 992 919 lector,
1018 880 1118 911 frater
1145 879 1302 911 Albertus
1328 880 1369 911 de
1395 879 1511 911 Padua
1553 880 1664 917 lector,
1702 879 1802 911 frater
1828 880 2036 912 Michaelan—

223 942 319 984 gelus
345 942 386 973 de
413 940 528 982 Papia,
554 941 655 973 frater
680 941 822 973 lacobus
849 941 957 974 Maria
983 942 1024 973 de
1050 940 1181 980 Crema,
1218 941 1318 973 frater
1358 940 1570 982 Augustinus
1597 942 1637 973 de
1663 940 1841 979 Cremona,
1867 941 1967 974 frater
1992 942 2034 973 lo.

224 1005 331 1036 Maria
357 1004 398 1035 de
423 1004 586 1041 Venetiis,
612 1004 712 1035 frater
737 1004 939 1036 Ambrosius
977 1005 1017 1036 de
1055 1004 1213 1040 Novaria,
1251 1004 1352 1036 irater
1377 1002 1611 1036 Christoforus
1648 1005 1688 1035 de
1723 1003 1839 1044 Papia,
1865 1004 1963 1036 irater
1989 1004 2038 1036 lo-

224 1068 354 1098 hannes
380 1066 420 1098 de
447 1066 635 1105 Modoetia,
660 1066 760 1098 frater
787 1066 981 1098 Alexander
1006 1067 1046 1098 de
1073 1066 1184 1104 lanua,
1210 1066 1310 1098 frater
1336 1066 1479 1098 lacobus
1505 1067 1546 1098 de
1572 1066 1736 1105 Bononia,
1761 1066 1860 1098 frater
1887 1066 2035 1107 Raphael

222 1129 263 1160 de
288 1128 482 1166 Valmacha,
508 1128 609 1160 frater
634 1128 797 1160 Nicolaus
823 1129 863 1160 de
890 1129 1023 1160 Lenta...
1050 1129 1212 1161 facientes
1238 1130 1315 1170 plus
1341 1138 1441 1170 quam
1468 1129 1554 1161 duas
1579 1131 1692 1169 partes
1718 1138 1759 1160 ex
1786 1129 1893 1161 tribus
1919 1129 2035 1170 prefati

222 1193 424 1229 conventus,
450 1191 559 1223 cicinno
584 1192 775 1223 investitura
796 1193 954 1232 perpetua
979 1192 1008 1223 al
1037 1192 1222 1223 reverendo
1261 1200 1356 1223 sacre
1397 1191 1567 1232 theologie
1594 1191 1780 1232 professori
1807 1192 1945 1222 domino
1971 1200 2039 1223 ma-

222 1254 328 1296 gistro
354 1253 454 1285 Petro
480 1254 521 1285 de
547 1252 763 1285 Castronovo
800 1256 832 1285 et
870 1254 1063 1285 venerando
1102 1254 1297 1285 bachalario
1335 1254 1473 1285 domino
1510 1254 1599 1285 fratri
1639 1254 1724 1285 Luce
1751 1254 1792 1285 de
1817 1253 2037 1294 Romagnano

222 1317 374 1348 eiusdem
401 1315 541 1348 Ordinis
566 1319 597 1347 et
622 1318 812 1348 conventus
849 1317 955 1348 sancti
995 1315 1187 1356 Augustini,
1208 1324 1270 1356 per
1292 1316 1324 1347 la
1348 1316 1466 1347 durata
1491 1315 1578 1347 della
1604 1316 1672 1347 loro
1699 1316 1772 1351 vito,
1799 1315 1883 1347 delle
1903 1324 2038 1356 posses-

222 1380 310 1411 sioni
331 1379 385 1410 del
408 1381 565 1410 convento
590 1378 644 1410 nel
668 1378 767 1419 luogo
792 1378 827 1410 di
853 1377 1027 1416 Garlasco,
1052 1378 1088 1410 di
1113 1377 1278 1418 Gropello,
1304 1378 1339 1409 di
1361 1377 1474 1409 Domo
1500 1387 1516 1409 e
1541 1378 1575 1409 di
1604 1378 1763 1409 Tromello
1789 1387 1805 1409 e
1826 1378 1915 1418 parti
1938 1378 2038 1409 circo-

222 1442 332 1479 stanti‚
358 1450 374 1472 e
396 1441 449 1481 vcio
470 1449 532 1481 per
553 1441 574 1472 l'
589 1450 699 1472 annuo
740 1450 865 1473 canone
890 1440 921 1472 α’
936 1440 1044 1481 offitio
1070 1440 1105 1472 cii
1128 1441 1185 1472 lire
1209 1440 1276 1472 400
1299 1440 1470 1480 imperiali,
1510 1440 1605 1471 salvo
1645 1439 1703 1471 che
1723 1448 1786 1481 per
1807 1439 1828 1471 I'
1841 1448 1927 1471 anno
1956 1440 2042 1471 1526

222 1503 276 1535 nel
298 1503 395 1543 quale
416 1503 634 1544 pagneronno
660 1503 804 1534 soltanto
829 1502 886 1534 lire
910 1503 985 1540 300,
1012 1501 1234 1541 coll'obbligo
1256 1501 1336 1542 pero
1362 1501 1396 1533 αἰ·
1416 1510 1544 1542 pagare
1569 1502 1580 1533 i
1603 1501 1704 1533 debiti
1721 1501 1775 1533 del
1791 1501 1833 1542 fu
1858 1501 1941 1535 frate
1961 1500 2039 1534 Cor-

222 1565 306 1597 nelio
332 1565 375 1597 cia
401 1565 622 1605 Rornagnano
647 1565 922 1596 amministratore
947 1565 981 1596 di
1004 1565 1085 1596 detti
1103 1565 1255 1605 possessi
1278 1573 1294 1595 e
1319 1564 1354 1595 di
1377 1572 1545 1595 osservare
1581 1564 1697 1595 alcime
1733 1564 1922 1596 condizioni
1943 1563 2041 1604 riflet-

222 1629 301 1660 tenti
324 1627 348 1660 il
370 1628 633 1668 miglioramento
658 1627 693 1659 di
715 1627 801 1659 (lette
826 1629 916 1658 terre.
943 1627 969 1658 ll
995 1626 1147 1667 Capitolo
1173 1627 1203 1658 si
1226 1626 1361 1666 obbliga
1387 1626 1433 1657 acl
1455 1628 1599 1658 ottenere
1620 1634 1681 1666 per
1703 1628 1784 1658 tutto
1809 1626 1860 1657 cio
1885 1626 2038 1667 l'appro-

225 1691 363 1722 vazionv
387 1689 441 1721 del
465 1689 577 1721 Priore
604 1688 764 1722 Generale
789 1689 865 1721 dell¹
881 1689 1013 1722 Ordt'ne.

313 1751 409 1783 Nello
434 1753 540 1783 stesso
563 1752 682 1792 giorno
707 1761 723 1783 e
748 1751 834 1783 nello
870 1754 977 1783 stesso
1013 1751 1122 1791 luogo,
1150 1751 1174 1783 il
1200 1751 1352 1792 capitolo
1389 1752 1567 1784 medesimo
1593 1751 1636 1783 (ἰὰ
1661 1752 1851 1783 investitura
1871 1753 2040 1792 perpetua,

224 1823 241 1846 e
266 1813 335 1846 cioe'
355 1823 416 1855 per
438 1814 470 1845 [α
494 1814 613 1846 durato
638 1814 725 1846 della
749 1823 811 1845 sua
838 1815 914 1852 vita,
947 1814 981 1845 al
1004 1814 1142 1845 domino
1182 1813 1273 1845 fratri
1299 1813 1454 1846 Deodato
1481 1815 1522 1845 de
1548 1811 1595 1854 (in
1621 1812 1755 1853 blanco)
1792 1814 1944 1845 eiusdem
1981 1812 2042 1845 Or—

225 1877 314 1908 dinis
339 1877 447 1908 sancti
474 1877 666 1918 Augustini,
693 1886 819 1909 moram
846 1877 987 1908 trahenti
1015 1878 1046 1908 in
1074 1877 1205 1917 prefato
1231 1878 1412 1915 conventu,
1439 1877 1563 1908 ibidem
1602 1877 1760 1917 presenti,
1796 1876 1884 1908 della
1905 1885 2041 1917 posses-

225 1939 317 1970 sione
342 1938 376 1970 di
399 1938 605 1977 Albuzzano,
628 1948 689 1979 per
711 1939 735 1970 il
758 1948 883 1971 canone
908 1948 1018 1971 annuo
1044 1939 1079 1971 di
1094 1939 1210 1979 fiorini
1237 1937 1375 1979 100(l).

287 2096 315 2117 (Ι)
335 2094 368 2115 Da
384 2096 468 2120 questo
483 2095 623 2115 documento
639 2101 650 2115 e
666 2095 702 2115 (131
718 2095 824 2121 seguenti
840 2101 880 2121 per
896 2096 952 2116 varii
967 2095 1027 2120 anni,
1044 2096 1062 2117 si
1079 2096 1106 2116 113

232 2144 261 2159 un
277 2138 367 2164 quadro
389 2144 442 2159 vivo
463 2138 522 2159 delle
547 2139 629 2159 misere
653 2139 783 2159 condizioni
799 2145 811 2160 a
827 2140 862 2160 cui
879 2145 917 2160 era
934 2139 1020 2160 ridotta
1036 2139 1106 2161 Pavia

231 2182 291 2203 dalla
308 2183 435 2208 pestilenza
447 2188 458 2204 e
470 2183 529 2203 dalla
545 2188 636 2209 guerra,
647 2183 777 2204 condizioni
794 2184 929 2209 peggiorate
944 2184 1110 2210 grandemente

230 2227 293 2253 dopo
309 2227 322 2248 il
340 2227 397 2248 1527.

283 2272 308 2292 Α1
323 2272 335 2292 7
351 2272 484 2295 novembre,
501 2272 514 2292 il
532 2271 684 2292 Procuratore
700 2272 722 2292 di
738 2271 760 2292 S.
777 2272 899 2297 Agostino,
920 2272 1024 2293 Maestro
1048 2272 1106 2293 irate

231 2316 308 2337 pietro
324 2316 352 2337 de
368 2316 443 2341 Rossi‚
459 2322 502 2337 con
516 2318 567 2337 atto
583 2318 665 2341 rogato
681 2317 709 2337 da
725 2316 782 2337 Gian
799 2317 926 2337 Francesco
942 2316 1068 2342 Mangano,
1079 2317 1106 2337 ri-

230 2367 285 2382 ceve
300 2361 340 2382 lire
355 2362 381 2382 50
396 2361 507 2387 imperiali
523 2361 551 2381 da
568 2361 658 2382 Andrea
674 2361 702 2381 de
718 2360 807 2382 Caneto
823 2361 898 2385 legate
908 2361 929 2381 al
940 2363 1055 2382 convento
1071 2361 1107 2381 dal

230 2405 302 2431 padre
317 2411 361 2426 suo
377 2405 503 2426 Contardo.

283 2450 313 2470 Lo
329 2452 407 2471 stesso
419 2450 527 2476 Capitolo
542 2450 562 2470 ai
578 2450 603 2470 27
619 2450 753 2475 novembre,
768 2455 811 2470 con
826 2451 876 2470 atto
892 2449 928 2470 del
945 2450 1024 2470 notaio
1041 2449 1105 2475 Ripa,

228 2494 257 2515 da
273 2495 410 2515 investitura
427 2496 539 2520 perpetua
555 2495 576 2515 31
593 2495 697 2515 Maestro
719 2493 777 2514 irate
794 2494 871 2514 pietro
894 2494 922 2514 da
947 2494 1105 2515 Castelnuovo

228 2539 257 2560 ed
271 2545 284 2560 a
299 2539 358 2560 trare
374 2539 434 2560 Luca
450 2539 478 2560 da
495 2539 644 2565 Romagnano
669 2539 728 2560 delle
752 2540 812 2560 terre
835 2539 930 2559 laseinte
945 2539 965 2559 31
982 2538 1102 2559 Conventu

227 2584 265 2605 dai
280 2583 368 2605 deiunti
384 2584 475 2609 coniugi
493 2584 596 2604 Lorenzo
611 2583 694 2604 Str-ada
710 2590 722 2604 e
738 2583 850 2609 Filippinn
867 2583 930 2604 Balbi
947 2589 987 2608 per
1002 2584 1102 2603 l'annuo

227 2634 315 2649 canone
331 2628 352 2648 di
369 2628 409 2649 lire
425 2628 536 2654 imperiali
551 2628 585 2649 80.
602 2628 666 2649 Nella
681 2629 758 2649 stessa
783 2628 906 2648 occasione
923 2628 935 2648 il
952 2627 1061 2653 Capitolo
1076 2627 1104 2647 (1ἐ1

228 2673 365 2694 investitura
390 2674 503 2699 perpetua
518 2678 531 2693 3
547 2673 675 2693 Francesco
692 2672 722 2694 Re
746 2672 768 2693 di
784 2678 828 2693 una
845 2672 911 2697 vigum
927 2672 948 2692 di
959 2672 986 2693 30
1001 2672 1102 2697 pertichc

227 2723 240 2738 3
256 2717 301 2738 San
316 2717 403 2738 Varese
418 2723 458 2743 per
475 2717 499 2738 12
514 2717 594 2738 brente
609 2717 631 2737 di
647 2717 700 2738 vino
715 2715 830 2737 all'anno,

283 2761 342 2783 Pure
357 2762 379 2783 lo
394 2762 471 2783 stesso
487 2761 596 2788 Capitolo
610 2761 631 2782 31
645 2762 657 2782 7
673 2761 798 2786 dicembre.
814 2766 856 2782 con
872 2761 923 2782 atto
939 2761 959 2781 di
972 2760 1029 2782 Oian
1041 2761 1107 2781 Fran-

1162 2102 1229 2117 cesco
1246 2096 1337 2121 Porzio,
1360 2096 1388 2117 da
1414 2097 1434 2116 in
1456 2096 1533 2117 atiitto
1558 2098 1673 2122 perpetuo
1688 2102 1700 2117 a
1717 2096 1860 2117 Bernardino
1876 2095 2000 2121 Rampazzi
2016 2096 2035 2116 la

1162 2140 1222 2161 mera
1238 2141 1259 2161 di
1276 2146 1305 2161 un
1322 2142 1389 2166 prato
1405 2141 1426 2161 di
1441 2140 1468 2161 96
1483 2141 1586 2166 pertiche
1602 2141 1622 2160 in
1639 2140 1715 2166 Borgo
1731 2140 1814 2161 Nuovo
1836 2140 1872 2161 del
1896 2139 2037 2161 Siccomario

1165 2191 1205 2211 per
1220 2185 1279 2206 soldi
1294 2185 1321 2206 50
1335 2186 1449 2206 all'anno.

1212 2229 1238 2250 Αἰ
1257 2230 1279 2249 14
1295 2229 1419 2254 dicembre,
1436 2235 1478 2250 con
1494 2230 1544 2250 atto
1560 2229 1596 2249 del
1613 2229 1691 2249 notaio
1707 2228 1772 2254 Ripa,
1784 2229 1806 2249 lo
1817 2230 1895 2249 stesso
1917 2228 2034 2254 Capitolo,

1162 2273 1182 2293 in
1198 2273 1234 2294 cui
1249 2273 1308 2294 irate
1325 2273 1402 2294 Pietro
1418 2273 1446 2294 (13
1462 2273 1620 2294 Castelnuovo
1636 2273 1709 2299 figura
1725 2278 1790 2294 come
1810 2273 1917 2294 Vicarius
1941 2273 2037 2294 Provin-

1160 2317 1237 2342 cialis‚
1253 2317 1281 2337 da
1298 2317 1435 2338 investitura
1451 2319 1564 2343 perpetua
1580 2323 1592 2337 a
1609 2317 1666 2337 01311
1685 2317 1787 2338 Antonio
1802 2316 1869 2339 Rossi
1885 2317 1906 2337 di
1923 2322 1966 2337 una
1982 2322 2036 2337 casa

1160 2367 1204 2387 pro
1217 2363 1286 2388 parre
1301 2362 1324 2382 in
1341 2362 1433 2382 ruinam
1447 2363 1527 2388 posita
1541 2367 1584 2387 per
1598 2362 1687 2383 milites
1710 2363 1813 2387 tempore
1830 2361 1964 2382 obsidionis
1986 2362 2036 2387 ga!-

1160 2406 1204 2427 lice
1218 2406 1288 2427 huius
1303 2406 1407 2427 civitatis
1423 2408 1519 2432 sequute
1534 2412 1597 2426 anno
1610 2406 1726 2431 preterito
1734 2411 1762 2427 ac
1769 2406 1885 2432 presenti,
1898 2406 1966 2431 posta
1978 2405 2035 2426 nella

1161 2450 1295 2475 parroechia
1312 2450 1333 2471 di
1349 2450 1373 2471 S.
1389 2450 1497 2471 Tcodoro
1513 2456 1595 2476 presso
1611 2451 1624 2470 il
1641 2452 1775 2471 monastero
1790 2450 1812 2471 di
1828 2450 1850 2471 S,
1867 2450 1940 2471 Maria
1956 2450 1978 2470 di
1994 2450 2035 2471 Ge-

1161 2495 1216 2519 rico,
1232 2500 1272 2520 per
1288 2495 1387 2515 l'annuo
1403 2500 1490 2515 canone
1506 2495 1527 2515 di
1543 2495 1556 2515 6
1571 2495 1653 2515 tiorini.

1211 2539 1352 2560 finalmente
1367 2539 1387 2559 31
1406 2539 1429 2560 19
1444 2539 1560 2560 diccmbre
1576 2540 1589 2559 il
1606 2539 1715 2565 Capitolo
1730 2539 1751 2560 13
1767 2544 1812 2560 una
1827 2539 1974 2560 transazione
1990 2545 2032 2560 con

1158 2583 1266 2607 Rattaele,
1282 2582 1405 2604 Gerolamo
1421 2589 1432 2604 e
1448 2583 1536 2604 Uberto
1551 2583 1641 2608 0113113,
1657 2583 1739 2604 iratelli
1755 2583 1777 2603 di
1792 2582 1851 2604 frate
1867 2583 2035 2609 Michelangelo

1160 2627 1188 2648 da
1205 2627 1283 2653 Pavia,
1307 2633 1347 2653 per
1369 2628 1560 2653 l'assegnazione
1582 2628 1641 2648 della
1657 2629 1724 2653 parte
1745 2628 1787 2648 che
1808 2629 1918 2654 spettava
1933 2628 1954 2648 31
1969 2628 2034 2649 detto

1158 2671 1216 2693 irate
1240 2672 1409 2698 Michelangelo
1434 2672 1584 2693 sull'eredita
1608 2672 1629 2693 di
1646 2672 1772 2693 Tommaso
1792 2672 1873 2693 Oualla
1889 2672 1939 2693 loro
1954 2672 2033 2698 padre.

1159 2718 1234 2736 morto
1249 2715 1271 2736 di
1287 2717 1353 2741 peste
1369 2716 1404 2736 nel
1422 2716 1478 2737 152⁴.
1497 2716 1520 2736 L'
1529 2717 1579 2737 atto
1590 2716 1601 2737 ὲ
1613 2718 1696 2742 rogato
1706 2716 1734 2737 da
1746 2716 1803 2737 Gian
1816 2716 1957 2737 Bernardino
1969 2715 2032 2742 Ripav
