2305 3407
1990 122 2049 154 201

242 258 305 298 ipsi
332 257 459 289 domini
487 255 686 297 Prepositus
712 258 744 287 et
770 254 934 287 Canonici
961 255 1059 285 etiam
1087 254 1118 285 in
1144 255 1318 294 apparatis
1344 254 1517 285 obtineant
1544 254 1652 285 locum
1679 255 1876 295 digniorem,
1903 259 1933 287 et
1953 256 2055 287 indie

243 318 431 351 Palmarum
458 319 631 359 processio
658 318 864 358 ingrediatur
904 317 1086 348 claustrum
1129 316 1218 347 illius
1250 316 1342 347 chori
1370 316 1424 346 ubi
1451 317 1511 347 erit
1536 316 1789 354 ebdomadaria,
1815 320 1845 348 et
1871 318 1950 348 fiant
1975 319 2057 348 ceri-

242 382 351 414 monie
377 382 419 413 ad
445 383 573 422 portam
601 381 760 412 maiorem
788 380 896 420 ipsius
921 379 1063 410 ecclesie
1090 380 1187 419 prout
1215 379 1257 409 ita
1283 378 1481 419 generaliter
1507 378 1541 409 fit
1567 387 1624 418 per
1650 387 1768 410 omnes
1786 379 1870 410 alias
1896 380 2057 411 ecclesias

240 446 271 475 et
297 444 330 475 id
356 443 465 475 solum
490 445 641 474 cantetur
667 443 758 482 quod
784 442 926 473 ecclesia
953 450 1090 472 romana
1117 441 1231 472 statuit
1258 440 1447 471 canendum
1475 449 1576 480 super
1602 441 1728 471 missali
1756 443 1786 471 et
1814 450 1878 471 non
1906 442 2010 472 aliter.

329 505 406 537 Item
432 505 629 537 ordinamus
654 507 685 536 et
711 507 745 535 ut
771 512 872 544 supra
899 504 991 544 quod
1019 504 1049 534 in
1076 503 1278 534 comunione
1304 503 1357 534 die
1386 502 1474 533 lovis
1500 504 1605 534 sancti
1636 505 1666 534 et
1693 503 1769 534 aliis
1794 504 2056 535 comunionibus

239 568 326 600 idem
352 568 436 599 ordo
463 569 614 599 servetur
639 569 737 606 prout
763 567 920 606 superius
946 566 1137 597 ordinatum
1164 565 1224 596 fuit
1251 566 1281 596 in
1307 565 1507 596 adoratione
1533 568 1648 596 sancte
1674 564 1804 597 Crucis.

330 629 407 661 ltem
434 629 631 660 ordinamus
656 630 687 660 et
714 630 746 659 ut
773 636 875 668 supra
914 628 1005 668 qnod
1044 628 1074 658 in
1109 627 1205 659 testis
1242 628 1438 668 duplicibus
1477 628 1662 659 maioribus
1699 630 1825 659 tantum
1863 631 1893 659 et
1931 629 2054 659 nonin

240 692 315 724 aliis
340 694 515 724 cantentur
539 690 740 731 Mngmsscat
763 693 793 722 et
819 690 1017 722 Benedictus
1055 691 1085 721 in
1123 692 1203 721 tono
1241 690 1407 730 solempni
1435 692 1573 727 tantum,
1613 692 1645 721 ut
1683 690 1845 721 habeatur
1886 691 1969 721 ordo
2007 691 2056 721 di-

240 755 432 787 stinctionis
457 753 630 785 festorum.

330 815 406 847 ltem
433 816 631 847 ordinamus
656 817 687 846 et
715 817 747 845 ut
774 823 876 855 supra
903 815 993 854 quod
1022 814 1077 845 ubi
1104 810 1299 855 contingent
1326 815 1451 855 pulsari
1480 824 1605 855 organa
1633 816 1663 846 in
1692 815 1765 855 ipsa
1791 816 1945 853 ecclesia,
1965 817 2055 856 quod

239 878 437 919 Magnifica!
460 880 491 909 et
516 877 716 909 Benedictus
741 886 806 908 non
832 879 1006 908 cantentur
1033 878 1062 908 in
1091 878 1198 917 primo
1225 887 1284 909 nec
1312 879 1342 908 in
1370 880 1468 909 sexto
1506 881 1595 915 tono,
1622 878 1700 918 quia
1729 882 1760 908 ut
1788 878 1966 918 plurimum
2001 887 2058 909 na-

241 943 379 973 scuntur
404 941 615 972 dissonantie
642 949 761 971 vocum
790 940 820 970 in
849 940 914 970 illis
940 940 1075 971 duobus
1101 941 1200 978 tonis,
1226 942 1256 971 et
1285 940 1388 972 Credo
1413 943 1564 971 cantetur
1589 943 1686 980 prout
1720 941 1906 971 comuniter
1930 941 2054 971 cantari

240 1003 327 1034 solet
354 1003 384 1034 in
411 1003 554 1034 ecclesia
581 1003 698 1033 maiori
725 1004 755 1033 et
780 1002 856 1033 aliis
882 1002 1046 1037 ecclesiis,
1075 1011 1138 1033 non
1179 1003 1291 1034 liabita
1333 1003 1471 1033 onmiuo
1508 1003 1635 1034 ratione
1663 1012 1817 1034 mensure
1844 1006 1995 1033 notarum
2024 1004 2055 1033 in

240 1065 334 1097 libris
361 1065 557 1105 positarum,
584 1065 642 1096 sed
671 1064 856 1096 secundum
883 1065 1054 1104 antiquam
1081 1064 1360 1095 consuetudinem
1388 1065 1544 1095 cantandi
1573 1065 1603 1095 in
1631 1065 1719 1095 dicta
1746 1064 1887 1095 ecclesia
1913 1065 1969 1095 diu
1997 1065 2057 1095 ob-

240 1130 408 1159 servatam
437 1130 470 1158 ut
496 1128 640 1158 evitetur
666 1127 838 1158 discordia
865 1127 1040 1166 utriusque
1066 1127 1169 1157 ctiori.

329 1189 406 1221 Item
432 1190 630 1220 ordinamus
656 1191 687 1220 et
714 1191 747 1220 ut
773 1197 875 1229 supra
903 1189 994 1228 quod
1021 1189 1108 1219 circa
1135 1189 1406 1220 decantationem
1433 1188 1615 1229 Sequentie
1643 1188 1884 1220 Defunctorum
1904 1191 2056 1220 servetur

242 1261 314 1283 mos
341 1253 504 1283 hacteuus
530 1252 746 1288 observatus,
773 1251 929 1282 videlicet
956 1253 989 1281 ut
1015 1253 1190 1282 cantantur
1217 1251 1350 1291 psalmi.

330 1314 406 1346 ltem
433 1315 630 1345 ordinamus
655 1316 685 1345 et
713 1316 745 1344 ut
772 1322 874 1354 supra
901 1314 992 1353 quod
1020 1313 1132 1344 nullus
1159 1314 1308 1353 ipsorum
1335 1314 1549 1344 dominorum
1583 1313 1822 1344 canonicorum
1849 1315 1879 1344 et
1905 1313 2059 1344 eremita-

242 1386 358 1408 norum
385 1377 425 1408 de
450 1379 559 1408 cetero
584 1377 707 1408 audeat
733 1385 792 1408 nec
818 1378 989 1416 presumat
1016 1376 1136 1406 inferre
1164 1376 1352 1406 molestiam
1380 1384 1439 1406 nec
1465 1375 1688 1406 turbationem
1727 1375 1890 1406 altaribus
1915 1377 1946 1406 et
1972 1376 2055 1415 parti

240 1440 381 1471 ecclesie
407 1440 545 1471 alterius
570 1448 684 1470 eorum
711 1441 776 1470 tam
802 1439 913 1470 circlia
939 1439 1105 1478 imagines
1131 1447 1230 1478 quam
1258 1438 1396 1478 reliqua,
1423 1437 1487 1468 sub
1514 1446 1600 1477 pena
1626 1437 1823 1468 ducatorum
1843 1437 1959 1468 decem
1985 1438 2056 1468 auri

242 1502 316 1542 ipso
343 1502 411 1533 iure
438 1504 468 1533 et
492 1501 580 1532 tacto
607 1501 818 1538 incurrenda,
844 1503 875 1532 et
906 1500 1112 1540 applicanda
1150 1501 1246 1540 parti,
1283 1501 1380 1531 cuius
1417 1500 1534 1530 altaria
1576 1499 1627 1530 vel
1666 1499 1831 1540 imagines
1868 1500 2000 1530 turbata
2025 1501 2057 1530 et

242 1564 417 1595 molestata
443 1573 503 1595 seu
530 1564 685 1595 iniuriata
711 1563 854 1594 fuerunt.

328 1625 406 1657 ltem
432 1626 630 1657 ordinamus
656 1627 687 1657 et
713 1627 747 1656 ut
773 1634 877 1665 supra
903 1625 995 1665 quod
1022 1625 1086 1665 ipsi
1113 1625 1240 1656 domini
1268 1624 1471 1655 Heremitani
1499 1626 1674 1655 teneantur
1699 1626 1730 1654 et
1756 1623 1895 1663 obligati
1933 1625 1999 1655 sint
2025 1626 2057 1655 et

239 1698 298 1721 eos
324 1689 617 1729 condempnamus
642 1691 752 1719 tenere
778 1690 809 1719 et
836 1688 959 1719 nabere
985 1696 1098 1719 eorum
1115 1688 1309 1728 sumptibus
1323 1689 1352 1718 et
1367 1687 1531 1727 expensis
1557 1686 1675 1717 solitas
1702 1686 1877 1726 lampades
1895 1694 2058 1717 accensas

240 1752 271 1782 in
297 1750 510 1782 confessorio
536 1751 590 1782 die
617 1752 797 1790 noctuque,
824 1752 855 1781 et
881 1750 925 1781 ita
952 1759 1065 1781 eorum
1093 1750 1322 1782 conscientias
1348 1757 1577 1790 aggravamus
1614 1749 1713 1779 etiam
1741 1748 1804 1779 sub
1830 1748 2056 1780 obtestatione

240 1813 345 1844 divini
373 1813 496 1851 iudicii,
523 1813 714 1853 pariterque
740 1820 800 1843 eos
826 1812 984 1843 dominos
1022 1812 1258 1844 Hereinitanos
1294 1812 1587 1851 condempnamus
1612 1811 1653 1842 ad
1680 1811 1861 1841 tenendum
1889 1811 1973 1842 bene
2000 1820 2059 1851 pa-

241 1877 311 1907 rata
336 1877 366 1906 et
391 1875 545 1906 ordinata
585 1874 701 1905 altaria
744 1883 875 1915 magna,
917 1874 1072 1905 videlicet
1103 1875 1261 1915 superius
1287 1876 1317 1905 et
1344 1874 1494 1911 interius,
1536 1875 1634 1913 prout
1660 1873 1800 1913 obligati
1827 1876 1915 1910 sunt,
1941 1882 2056 1904 eorum

241 1937 470 1969 conscientias
496 1937 566 1977 pari
594 1937 695 1967 modo
721 1936 894 1967 onerando
921 1939 955 1967 ut
981 1945 1095 1977 supra.

331 1999 407 2030 ltem
435 1999 631 2030 ordinamus
656 2000 687 2029 et
713 1998 924 2029 declaramus
950 2000 981 2029 et
1008 2000 1041 2029 ut
1067 2007 1179 2039 supra,
1206 1999 1318 2030 onmia
1338 2000 1368 2030 in
1385 1998 1621 2029 decantatione
1648 1998 2058 2038 responsoriorumsuper

237 2061 365 2093 tumulo
392 2061 480 2101 regis
507 2060 702 2100 Liutprandi
730 2063 760 2091 et
787 2060 968 2095 Abbatum,
996 2061 1026 2091 in
1054 2061 1297 2092 anniversariis
1313 2069 1439 2097 eorum,
1465 2063 1619 2100 spectare
1646 2062 1676 2091 et
1703 2061 1867 2100 pertinere
1893 2060 1934 2090 ad
1962 2060 2057 2099 ipsos

242 2122 437 2155 Canonicos
463 2125 602 2154 tantum.

331 2185 406 2217 ltcm
433 2185 631 2216 ordinamus
656 2187 687 2216 et
714 2187 746 2216 ut
772 2194 873 2225 supra
900 2185 991 2225 quod
1020 2185 1050 2215 in
1077 2187 1242 2225 apparatu
1269 2185 1458 2215 sacerdotis
1473 2187 1503 2215 et
1519 2184 1745 2214 ministrorum
1760 2183 1802 2214 ad
1817 2183 2055 2214 celebrandum

242 2249 356 2279 divina
383 2247 499 2285 offitia,
526 2248 617 2287 quod
645 2256 704 2287 pro
730 2247 925 2278 cantoribus
966 2247 1155 2278 associetur
1193 2247 1352 2277 sacerdos
1378 2255 1452 2277 cum
1479 2246 1668 2282 sacerdote,
1695 2246 1860 2276 diaconus
1885 2254 1959 2275 cum
1987 2245 2058 2275 dia-

242 2320 338 2348 cono,
364 2313 394 2341 et
420 2311 467 2341 sic
494 2310 534 2341 de
561 2310 713 2349 quolibet
738 2310 804 2340 alio
829 2309 947 2340 ordine
974 2310 1016 2340 sit
1042 2309 1188 2340 societas
1213 2318 1300 2349 equa
1325 2311 1356 2340 et
1383 2318 1448 2339 non
1475 2309 1658 2348 disparitas
1684 2308 1823 2338 ordinis.

331 2373 408 2404 ltem
434 2373 631 2403 ordinamus
657 2374 687 2403 et
715 2374 747 2403 ut
773 2381 876 2412 supra
902 2372 993 2412 quod
1021 2372 1052 2402 in
1079 2371 1176 2402 festis
1212 2371 1408 2411 duplicibus
1446 2370 1631 2402 maioribus
1657 2370 1699 2401 sit
1726 2370 1756 2400 in
1784 2371 1950 2409 potestate
1984 2378 2057 2409 pre-

243 2436 298 2467 lati
323 2436 555 2467 ebdomadarii
583 2435 752 2466 decantari
773 2434 882 2465 tacere
909 2435 1052 2474 hymnos
1079 2436 1110 2465 et
1137 2434 1288 2474 psalmos
1313 2438 1343 2464 et
1369 2433 1433 2464 alia
1459 2433 1499 2464 de
1527 2432 1652 2473 quibus
1679 2433 1709 2463 in
1737 2432 1908 2472 petitione,
1934 2433 1965 2462 et
1991 2435 2058 2462 sta-

242 2498 357 2529 tuendi
384 2506 556 2528 numerum
582 2499 753 2528 cantorum
780 2496 1053 2536 apparandorum
1080 2496 1264 2526 dummodo
1291 2504 1356 2526 non
1383 2495 1448 2526 sint
1475 2495 1558 2526 ultra
1584 2496 1651 2525 tres
1677 2503 1736 2534 pro
1753 2496 1857 2534 parte,
1883 2502 1962 2524 casu
1990 2502 2057 2532 quo

242 2561 306 2601 ipsi
332 2561 458 2591 domini
485 2558 648 2592 Canonici
674 2562 705 2590 et
732 2558 936 2590 Heremitani
963 2559 1068 2590 nolint
1094 2560 1182 2589 stare
1207 2558 1349 2597 allegate
1374 2557 1611 2588 consuetudini
1639 2566 1704 2596 que
1730 2558 1779 2588 est
1805 2556 1932 2596 optima
1950 2564 2056 2586 rerum

243 2623 418 2663 interpres.

333 2684 409 2716 ltem
436 2685 632 2716 ordinamus
657 2686 688 2715 et
714 2686 747 2715 ut
773 2692 875 2724 supra
902 2683 993 2724 quod
1022 2683 1052 2713 in
1080 2683 1202 2714 diebus
1238 2682 1458 2713 festivitatum
1485 2680 1709 2718 visitationis,
1736 2679 2001 2711 presentationis
2026 2681 2057 2710 et

243 2745 490 2787 Conceptionis
515 2746 611 2778 beate
636 2746 785 2787 Virginis
812 2746 918 2777 Nlarie
945 2746 1075 2777 dicatur
1099 2747 1130 2776 et
1156 2746 1306 2776 cantetur
1331 2746 1435 2775 totum
1469 2742 1611 2774 offitium
1639 2742 1678 2773 de
1705 2742 1877 2774 nativitate
1903 2741 2054 2773 eiusdem

244 2808 402 2849 Virginis,
429 2810 555 2840 mutato
581 2809 690 2840 solum
717 2809 851 2840 nomine
878 2808 1064 2839 nativitatis
1091 2808 1121 2838 in
1149 2815 1268 2838 nomen
1296 2805 1500 2837 visitationis
1526 2813 1585 2836 seu
1612 2804 1874 2845 presentationis
1893 2812 1952 2835 seu
1979 2812 2058 2834 con-

243 2871 411 2911 ceptionis
437 2872 535 2911 prout
560 2870 634 2902 dies
660 2870 767 2902 festus
793 2870 984 2907 occurrerit,
1010 2870 1165 2909 exceptis
1192 2872 1301 2900 tamen
1330 2867 1533 2899 lectionibus
1559 2875 1623 2907 que
1649 2867 1802 2907 legantur
1827 2866 1867 2896 de
1894 2865 2040 2905 proprio.

333 2932 410 2964 ltem
436 2933 633 2964 ordlnamus
658 2935 688 2963 et
715 2934 748 2963 ut
774 2941 876 2972 supra
903 2932 992 2972 quod
1020 2932 1050 2962 in
1078 2932 1131 2962 die
1157 2930 1393 2962 conversionis
1430 2938 1468 2960 ac
1502 2929 1798 2960 comemorationis
1839 2928 1925 2959 beati
1952 2926 2056 2966 patris

245 2993 425 3035 Augustini
452 2994 580 3026 dicatur
606 2994 749 3026 offitium
775 2996 873 3035 prout
900 2995 1062 3025 hactenus
1088 2993 1152 3024 dici
1178 2994 1377 3024 consuetum
1404 2994 1454 3023 est
1481 2992 1511 3022 in
1539 2992 1613 3031 ipsa
1639 2990 1792 3022 ecclesia.

2028 3055 2053 3075 205
