2305 3407
1959 150 2019 181 271

211 279 324 311 vitati;
351 276 412 319 (1),
439 287 501 310 vos
527 279 698 310 hortamur
722 279 756 309 ut
781 278 907 309 moneri
933 277 1066 309 faciatis
1084 278 1271 310 monachos
1296 279 1402 310 sancti
1429 278 1608 320 Augustini
1627 289 1664 312 ac
1683 283 1819 313 sanctae
1845 281 2026 314 Mostiolae

211 342 243 373 in
270 342 344 382 ipsa
369 341 620 382 supplicatione
661 340 864 378 nominatos,
901 340 958 380 qui
985 339 1038 371 die
1064 340 1215 372 secunda
1251 340 1442 372 decembris
1479 342 1632 382 proxime
1669 341 1769 374 futuri
1811 346 2028 384 compareant

210 412 322 435 coram
348 402 472 435 Senatu
499 404 614 434 nostro
640 402 683 434 ad
709 401 892 433 secundani
919 401 1124 433 audientiam
1150 411 1225 433 cum
1267 403 1339 434 suis
1364 403 1542 435 advocatis
1567 404 1711 436 dicturis
1729 404 1770 436 de
1790 405 1919 437 iuribus
1944 406 2026 437 suis.

210 465 341 497 Deinde
368 474 430 497 nos
455 465 496 497 de
522 464 716 496 huiusmodi
744 464 927 495 monitione
952 464 1113 495 certiores
1138 464 1279 503 facietis,
1316 465 1493 507 dirigendo
1531 466 1657 498 litteras
1682 469 1815 498 vestras
1847 467 1889 498 ad
1915 468 2027 499 subsi-

210 530 347 570 gnatum
374 527 589 559 secretarium
616 528 778 558 nostrum.
804 525 880 558 Dat.
906 525 1105 564 Mediolani,
1132 526 1186 558 die
1211 526 1327 568 XXIIIJ
1353 528 1560 566 novembris,
1595 527 1746 560 MDLlX.
1775 529 1891 561 Franc.
1918 529 2031 561 Petra-

212 591 316 631 nigra.

947 788 1295 828 CMLXVIII.

299 898 327 927 11
353 897 456 928 Card.
482 898 523 928 Α,
562 897 714 930 Caraffa,
742 898 918 933 Reggente
955 897 1048 926 della
1078 897 1227 926 Camera
1254 898 1465 934 apostolica,
1504 898 1628 926 ordina
1665 898 1902 928 l'esecuzione
1939 900 2032 928 della

211 960 337 988 lettera
364 960 457 988 della
484 960 518 988 S.
547 959 819 988 Penitenzieria.

858 1082 1010 1113 1560,
1030 1083 1305 1114 gel111flio‚
1326 1082 1378 1107 7.

671 1171 748 1191 :Areu
765 1170 824 1191 dena
841 1170 909 1191 Curia
926 1171 1043 1191 vescovile
1059 1171 1080 1190 di
1098 1170 1168 1191 Pavia
1185 1182 1207 1184 —
1227 1170 1320 1196 Chiese,
1336 1173 1392 1192 cart.
1409 1171 1442 1194 67,
1459 1170 1515 1192 fasc.
1533 1171 1557 1191 li.

287 1356 411 1472 U
461 1373 622 1401 NlVERSlS
647 1370 679 1399 et
704 1369 848 1409 singulis
886 1370 1062 1408 presentes
1103 1368 1229 1400 litteras
1255 1369 1327 1400 sive
1369 1369 1431 1400 hoc
1457 1377 1598 1409 presens
1639 1369 1811 1409 publicum
1850 1379 2034 1410 processus

482 1432 737 1462 instrumentum
780 1431 993 1471 inspecturis,
1035 1431 1170 1468 visuris,
1212 1431 1347 1462 lecturis
1373 1431 1496 1471 pariter
1521 1432 1552 1462 et
1588 1431 1765 1468 audituris,
1790 1433 2034 1472 cuiuscumque

358 1530 374 1531 ἶ
434 1530 446 1531 Π
481 1494 665 1535 dignitatis,
692 1495 811 1531 status,
845 1493 982 1534 gradus,
1019 1494 1149 1524 ordinis
1186 1493 1238 1524 vel
1273 1493 1480 1524 conditionis
1517 1493 1744 1525 existentibus
1778 1496 1810 1525 et
1850 1495 2033 1534 pontificali

213 1558 408 1589 auctoritate
434 1557 651 1597 fongentibus
676 1558 707 1587 et
732 1556 906 1593 functuris,
932 1565 970 1587 ac
995 1556 1154 1586 omnibus
1179 1555 1255 1586 aliis
1281 1557 1312 1586 et
1330 1555 1474 1595 singulis
1492 1564 1634 1595 quornm
1654 1556 1800 1593 interest,
1817 1556 1962 1587 intererit
1979 1559 2035 1587 aut

214 1621 387 1657 interesse,
413 1628 569 1659 quosque
597 1618 844 1658 infrascriptum
873 1618 977 1658 tangit
1003 1618 1173 1658 negotium
1212 1626 1271 1649 seu
1298 1619 1433 1657 tangere
1460 1618 1581 1658 poterit
1605 1618 1863 1657 quomodolibet
1889 1619 1920 1649 in
1946 1618 2035 1650 futu-

213 1691 295 1719 rum,
322 1681 485 1713 Alfonsus
511 1679 657 1713 Cliarafa
684 1679 805 1712 Sancte
832 1680 939 1711 Mario
966 1681 997 1710 in
1036 1679 1201 1711 Domnica
1226 1679 1400 1711 Diaconus
1426 1679 1619 1712 Cardinalis
1646 1681 1883 1721 neapolitanus
1910 1691 2037 1713 nuncu—

214 1747 323 1785 patus,
349 1743 489 1776 Camere
517 1743 711 1783 Apostolice
737 1752 867 1783 regens,
888 1742 1104 1782 Romaneque
1123 1741 1224 1775 Curie
1243 1743 1345 1774 iudex
1364 1743 1556 1773 ordinarius
1575 1752 1634 1774 nec
1661 1752 1725 1773 non
1746 1752 2034 1784 quarumcumque

213 1807 393 1839 litterarum
420 1806 683 1847 apostolicarum
710 1815 728 1837 a
755 1805 905 1838 Romana
931 1804 1032 1838 Curia
1051 1807 1279 1836 emanatarum
1299 1806 1502 1836 universalis
1528 1807 1559 1837 et
1585 1814 1695 1836 merus
1720 1808 1919 1846 exequutor,
1945 1807 2036 1838 salu-

213 1872 276 1901 tem
305 1870 335 1900 in
363 1868 508 1900 Domino
535 1871 565 1900 et
592 1870 716 1900 nostris
742 1868 947 1905 huiusmodi,
974 1869 1040 1898 imo
1067 1868 1180 1899 verius
1205 1868 1416 1908 apostolicis,
1442 1868 1579 1899 firmiter
1603 1868 1740 1899 obedire
1767 1869 1945 1900 mandatis.

302 1931 441 1962 Litteras
466 1931 740 1962 reverendissimi
768 1931 798 1961 in
826 1929 962 1962 Christo
989 1930 1093 1970 patris
1134 1932 1165 1961 et
1191 1930 1316 1961 domini
1345 1930 1470 1961 domini
1498 1929 1644 1963 Rainutii
1675 1931 1890 1962 miseratione
1917 1932 2032 1962 divina

211 1994 294 2025 tit-‚111
323 1994 429 2025 sancti
457 1992 574 2033 Angeli
602 1993 633 2023 in
660 1992 733 2023 toro
760 1993 904 2032 piscium
932 1994 1047 2023 sancte
1075 1991 1223 2024 Romane
1242 1992 1392 2023 Ecclesie
1418 1992 1596 2032 presbiteri
1616 1991 1809 2024 Cardinalis
1835 1995 1866 2024 et
1892 1994 2036 2024 sanctis-

211 2057 284 2087 simi
312 2056 438 2087 domini
465 2056 569 2086 nostri
596 2054 688 2095 Pape
714 2064 751 2086 ac
777 2054 877 2086 Sedis
904 2053 1100 2094 Apostolice
1120 2054 1257 2085 maioris
1275 2055 1512 2094 penitentiarii,
1531 2055 1604 2085 eius
1631 2064 1711 2086 vero
1729 2055 1841 2095 sigillo
1860 2055 2033 2096 oblongho

212 2119 243 2149 in
270 2126 343 2149 cera
370 2117 483 2154 rubea,
510 2117 586 2148 alba
612 2117 830 2153 circumdata,
857 2125 947 2147 inore
974 2114 1075 2147 Sacre
1101 2113 1337 2147 Penitentiarie
1364 2115 1571 2156 Apostolice,
1609 2117 1828 2156 impendenti,
1867 2117 2031 2157 signatas,

210 2188 312 2211 sanas
338 2179 505 2219 siquidem
532 2181 563 2210 et
589 2179 746 2219 integras,
773 2188 838 2209 non
866 2179 1011 2216 vitiatas,
1038 2188 1103 2210 non
1130 2178 1331 2215 canzelatas,
1358 2187 1417 2209 nec
1443 2179 1474 2208 in
1500 2178 1614 2218 aliqua
1643 2179 1694 2209 sui
1722 2181 1813 2218 parte
1843 2181 2032 2219 suspectas,

210 2243 269 2274 sed
296 2243 386 2273 omni
413 2250 553 2282 prorsus
579 2242 660 2272 vitio
687 2243 717 2272 et
742 2241 932 2281 suspitione
958 2243 1121 2279 carentes,
1148 2242 1181 2271 ut
1208 2241 1238 2271 in
1265 2240 1315 2271 eis
1341 2240 1447 2280 prima
1473 2239 1558 2271 facie
1598 2241 1796 2280 apparebat,
1835 2241 1934 2272 nobis
1973 2250 2032 2281 pro

210 2306 302 2345 parte
329 2304 561 2344 religiosarum
589 2303 799 2334 dominarum
827 2302 1010 2334 Abbatisse
1036 2306 1066 2334 et
1092 2303 1291 2334 Monialium
1319 2303 1512 2333 monasterii
1532 2305 1646 2333 sancte
1672 2304 1703 2334 et
1729 2303 1825 2334 beate
1859 2303 1966 2334 Marie
1992 2304 2032 2335 de

210 2366 325 2397 Monte
350 2365 497 2403 Oliveto,
523 2364 662 2396 Ordinis
688 2365 795 2396 sancti
823 2364 1006 2402 Benedicti,
1033 2363 1319 2405 Congregationis
1344 2364 1451 2396 Vallis
1492 2364 1671 2401 Umbrose‚
1712 2365 1790 2396 olim
1832 2368 1926 2397 extra
1963 2375 2034 2397 mu-

207 2437 262 2460 ros
289 2429 471 2469 papienses
496 2428 674 2459 existentis
681 2452 731 2458 .....
769 2428 991 2467 presentatas,
1033 2436 1094 2458 nos
1121 2436 1195 2458 cum
1222 2436 1261 2458 ea
1299 2436 1364 2467 qua
1392 2427 1504 2458 decuit
1531 2428 1716 2458 reverentia
1754 2428 1915 2459 noveritis
1945 2437 2033 2459 rece-

207 2491 312 2530 pisse,
339 2490 533 2521 huiusmodi
561 2489 625 2521 sub
651 2492 777 2527 tenore,
819 2486 1139 2528 videlicett(seg11e
1176 2489 1199 2520 il
1238 2490 1320 2520 testo
1360 2488 1414 2520 del
1453 2489 1647 2520 documento
1687 2490 1710 2521 6
1747 2490 1882 2525 ottobre,
1927 2488 2028 2529 1558)

206 2551 288 2584 Post
316 2561 457 2593 quarum
485 2552 620 2593 quidem
648 2552 827 2584 litterarum
847 2560 939 2583 sacre
960 2550 1196 2582 Penitentiarie
1223 2550 1422 2591 Apostolice
1440 2552 1722 2592 presentationem
1742 2554 1773 2583 et
1799 2553 2025 2593 receptionem

206 2614 307 2647 nobis
332 2616 363 2646 et
389 2624 448 2655 per
473 2623 535 2646 nos
562 2616 596 2646 ut
621 2614 821 2655 premittitur
845 2613 963 2651 factas,
989 2613 1125 2651 fuimus
1152 2622 1212 2653 pro
1238 2615 1330 2653 parte
1356 2613 1520 2644 dictarum
1547 2614 1779 2654 religiosarum
1813 2615 2023 2646 dominarum

259 2771 290 2794 (1)
305 2771 335 2792 La
349 2771 456 2797 supplica
471 2770 531 2792 delle
545 2771 661 2793 Mocacbe
676 2776 764 2797 espone
779 2771 928 2791 brevemente
952 2770 972 2790 le
988 2769 1084 2790 vicende
1138 2769 1182 2790 alia
1198 2769 1237 2789 lite
1252 2769 1374 2795 concedat,
1389 2775 1430 2795 per
1445 2769 1595 2791 l'innnediata
1611 2770 1750 2791 esecuzione
1766 2770 1801 2791 del
1816 2772 1942 2791 contratto.

207 2815 243 2836 del
257 2817 376 2837 contratto
391 2815 500 2841 riguardo
515 2816 671 2841 all'acquisto
686 2815 708 2836 di
723 2814 746 2836 S.
763 2815 883 2840 Mostiola,
905 2814 1028 2840 ripetendo
1043 2814 1084 2834 elie
1193 2813 1227 2834 Da
1243 2819 1287 2834 una
1302 2814 1409 2839 supplica
1425 2813 1484 2834 delle
1499 2815 1611 2835 monache
1626 2814 1647 2835 al
1663 2814 1758 2840 Senato,
1773 2815 1874 2840 allegata
1889 2815 1910 2835 al
1926 2814 2022 2835 decreto

206 2865 260 2881 esso
274 2859 298 2881 tu
312 2861 445 2886 approvato
459 2859 520 2881 dalla
535 2859 558 2881 S.
574 2859 635 2881 Sede
649 2865 661 2881 e
676 2860 713 2880 dal
728 2859 841 2881 Generale
856 2859 916 2885 degli
931 2858 1086 2885 Agostiniani.
1141 2857 1282 2878 senatoriale
1298 2857 1333 2878 del
1348 2858 1361 2878 9
1375 2857 1480 2879 lebbraio
1497 2858 1554 2883 1560,
1570 2858 1652 2879 risnlta
1668 2859 1709 2879 che
1725 2859 1746 2879 lo
1757 2860 1836 2879 stesso
1851 2858 1946 2884 Senam,
1957 2858 2021 2879 udite

207 2903 248 2925 Nel
261 2905 345 2925 timore
359 2904 380 2925 di
397 2910 442 2925 una
457 2904 496 2925 lite
511 2904 571 2925 nella
586 2904 655 2925 Curia
671 2909 774 2929 romana,
790 2909 831 2930 per
855 2903 992 2929 prevenirla,
1015 2903 1085 2923 ricor-
1139 2902 1158 2922 le
1174 2902 1242 2927 parti,
1258 2907 1303 2922 non
1319 2902 1337 2922 si
1353 2902 1482 2927 pronuncio
1497 2902 1519 2923 in
1534 2902 1614 2923 favore
1629 2902 1688 2923 delle
1704 2902 1828 2927 Monacne,
1853 2902 1937 2928 perche
1959 2908 2021 2923 man—

206 2953 263 2969 tono
277 2948 298 2969 al
314 2947 353 2970 Re.
368 2948 497 2969 chiedendo
512 2949 561 2974 che,
576 2948 664 2969 auditis
678 2948 700 2969 in
716 2954 759 2969 suo
780 2947 976 2969 excellentissimo
997 2946 1084 2968 Senatu
1139 2952 1195 2968 cava
1211 2947 1260 2967 loro
1276 2946 1296 2967 la
1311 2947 1394 2967 lettera
1409 2947 1572 2973 esecutoriaIe,
1588 2947 1628 2968 che
1644 2952 1696 2968 esse
1711 2952 1874 2973 provocarono
1891 2947 1913 2967 di
1929 2947 1967 2972 poi
1983 2947 2020 2967 dal

205 2992 320 3013 ambabus
334 2992 442 3018 partibus
457 3008 462 3014 .
480 3009 484 3014 ,
503 3009 506 3014 .
525 3010 528 3014 .
554 2998 622 3014 suurn
638 2993 756 3014 brachium
780 2992 900 3014 seculare.
917 3009 921 3013 .
940 3009 944 3012 .
961 3007 967 3013 .
991 2992 1081 3017 absque
1136 2990 1206 3012 card.
1222 2991 1248 3012 Α.
1264 2990 1364 3017 Caraita,
1380 2997 1391 3012 e
1407 2991 1554 3012 l'ottennero
1570 2991 1583 3012 il
1598 2991 1610 3011 7
1625 2991 1725 3017 germaio
1747 2991 1804 3012 1560.
