2305 3407
274 173 340 205 286

268 307 311 338 do
342 315 482 338 necnon
507 307 719 338 diversorum
753 315 913 348 generum
944 308 1032 339 bona
1061 316 1100 340 ac
1133 308 1257 340 domus
1290 309 1447 341 utensilia
1475 312 1507 341 et
1539 309 1788 350 suppelectilia‚
1819 311 2090 352 vestimentaque

267 378 305 401 ac
331 369 395 401 alia
421 370 574 401 cuiusvis
598 370 733 411 generis
758 369 847 401 bona
880 370 911 401 in
945 371 1174 410 exequutione
1207 379 1267 403 seu
1294 371 1524 412 publicatione
1557 373 1785 412 praesentium
1819 372 1920 405 latius
1951 373 2090 406 arbitrio

266 432 429 463 dictorum
455 431 717 473 significantium
744 434 907 472 quantum
933 435 963 463 et
979 435 1077 473 prout
1094 433 1144 464 eis
1162 433 1332 464 videbitur
1350 434 1588 474 specificanda,
1602 434 1806 466 declaranda
1820 437 1851 467 et
1868 436 2088 476 exprimenda

263 494 305 525 ad
332 494 454 525 dictam
493 494 629 525 domurn
667 495 865 534 spectantia,
892 496 1014 526 temere
1040 496 1072 526 et
1099 495 1266 527 malitiose
1299 495 1484 527 detinendo
1503 499 1535 528 et
1552 496 1784 528 subtrahendo
1810 505 1848 528 ac
1876 498 2087 538 occupando,

265 555 360 596 plura
386 556 504 597 gravia
530 556 595 588 alia
627 556 760 594 damna,
788 557 926 588 iniurias
951 559 982 588 et
1020 557 1165 589 iacturas
1190 557 1319 589 eisdem
1352 558 1628 599 significantibus
1665 559 1816 599 nequiter
1850 559 2031 591 intulerunt
2056 562 2087 592 et

260 618 303 649 ad
330 619 518 658 praemissa
555 617 710 650 facienda
748 619 924 657 auxilium,
950 619 1130 650 consilium
1156 621 1188 651 et
1213 619 1362 651 favorem
1397 620 1516 652 dolose
1553 621 1802 661 praestiterunt,
1832 630 1897 653 non
1931 624 2086 654 curantes

261 681 447 720 praemissa
473 684 504 712 et
529 681 594 712 alia
620 681 708 712 circa
733 690 773 712 ea
799 681 991 713 necessaria
1016 681 1154 712 arbitrio
1180 681 1345 713 dictorum
1372 683 1634 723 significantium
1666 685 1827 724 quantum
1857 686 1889 715 et
1914 686 2013 725 prout
2037 685 2086 717 eis

258 742 428 773 videbitur
453 742 697 783 specificanda‚
723 743 927 774 declaranda
953 745 984 774 et
1017 743 1239 783 exprimenda
1273 744 1424 775 revelare
1449 747 1480 776 et
1505 744 1548 776 ad
1582 753 1694 776 veram
1728 746 1881 776 notitiam
1915 746 2081 778 deducere

257 813 294 836 ac
321 804 362 835 de
388 805 586 844 praemissis
613 804 747 844 plenam
773 806 874 845 atque
899 805 1048 836 debitam
1075 804 1341 836 satisfactionem
1368 806 1562 846 impendere
1588 807 1620 838 in
1638 807 1824 838 animarum
1843 816 1978 839 suarum
1998 809 2085 849 peri-

255 867 366 898 culum
392 869 423 897 et
448 867 613 897 dictorum
640 867 902 907 significantium
936 876 1001 897 non
1029 867 1199 898 modicum
1234 867 1490 907 praeiudicium,
1516 877 1620 909 super
1644 878 1712 909 quo
1747 870 1810 909 ipsi
1849 870 2082 911 significantes

255 927 476 968 Apostolicae
513 926 613 960 Sedis
640 929 823 960 remedium
851 928 1086 969 implorarunt:
1114 927 1190 966 Quo
1215 930 1301 961 circa
1327 929 1524 962 fraternitati
1552 933 1627 962 tuae
1653 940 1711 971 per
1743 932 1931 972 apostolica
1957 933 2082 974 scripta

254 991 456 1022 mandamus
483 993 650 1031 quatenus
683 999 801 1022 omnes
829 991 1022 1022 huiusmodi
1050 992 1314 1031 praemissorum
1345 993 1526 1024 occasione
1559 993 1758 1024 damnorum
1793 993 1952 1032 illatores,
1985 995 2082 1026 auxi-

253 1053 366 1093 liique,
391 1053 524 1084 consilii
558 1056 589 1084 et
615 1053 743 1084 favoris
781 1054 1000 1093 praestitores
1037 1054 1257 1094 veritatisque
1295 1055 1558 1095 praemissorum
1583 1056 1747 1087 celatores
1780 1065 1818 1087 ac
1851 1065 2080 1098 aggressores,

251 1114 483 1147 interfectores
508 1118 539 1146 et
566 1115 798 1147 vulneratore;
823 1124 862 1146 ac
882 1116 1129 1156 praedictorum
1155 1118 1186 1147 et
1212 1116 1354 1148 aliorum
1373 1117 1683 1157 specificandorum
1703 1119 1867 1150 bonorum
1886 1119 2080 1152 detentores

252 1177 414 1213 occultos,
441 1186 482 1209 ex
509 1180 602 1217 parte
637 1180 762 1215 nostra,
797 1178 931 1218 publice
959 1178 990 1208 in
1027 1177 1182 1210 ecclesiis
1219 1187 1330 1210 coram
1369 1179 1497 1219 populo
1531 1188 1589 1220 per
1618 1182 1648 1211 te
1683 1180 1735 1211 vel
1768 1180 1869 1211 alium
1897 1189 1955 1212 seu
1992 1181 2079 1214 alios

252 1248 401 1278 moneas,
428 1242 461 1271 ut
488 1239 572 1271 infra
597 1242 840 1280 competentem
868 1241 1054 1278 terminum,
1087 1249 1186 1280 quem
1212 1241 1261 1272 eis
1288 1241 1496 1282 praefixeris,
1511 1250 1549 1273 ea
1575 1242 1673 1273 dictis
1699 1243 1971 1283 significantibus
1996 1252 2015 1275 a
2041 1253 2077 1276 se

249 1302 364 1333 debita
391 1302 565 1333 restituant
590 1304 621 1333 et
640 1302 787 1333 revelent
813 1311 851 1334 ac
878 1302 919 1334 de
946 1302 1012 1334 illis
1037 1302 1171 1343 plenam
1197 1304 1298 1343 atque
1325 1303 1473 1334 debitam
1499 1303 1767 1335 satisfactionem
1786 1305 1983 1345 impendant
2000 1307 2032 1337 et
2049 1306 2077 1338 si

250 1364 282 1394 id
310 1372 375 1394 non
401 1364 672 1404 adimpleverint,
700 1363 784 1395 infra
810 1364 912 1395 alium
938 1366 1184 1404 competentem
1218 1365 1406 1403 terminum,
1431 1374 1530 1406 quem
1557 1366 1607 1397 eis
1632 1366 1675 1397 ad
1702 1366 1764 1397 hoc
1790 1367 1930 1398 duxeris
1948 1376 2079 1408 perem-

249 1427 355 1466 ptorie
383 1426 649 1467 praefigendum,
677 1436 719 1458 ex
747 1428 824 1458 tunc
851 1427 882 1457 in
901 1435 962 1458 eos
980 1427 1169 1468 generalem
1188 1428 1517 1459 excomunicationis
1535 1429 1734 1459 sententiam
1762 1428 1915 1469 proferas
1933 1438 2075 1470 eamque

247 1488 363 1526 facias,
391 1489 446 1519 ubi
473 1490 504 1519 et
529 1489 666 1529 quando
704 1489 866 1529 expedire
893 1489 1030 1527 videris,
1057 1498 1165 1530 usque
1191 1490 1233 1521 ad
1253 1490 1493 1522 revelationem
1527 1493 1557 1522 et
1576 1490 1844 1522 satisfactionem
1869 1492 2074 1533 condignam

246 1551 440 1582 solemniter
466 1551 641 1591 publicari.
668 1550 743 1582 Dat.
760 1550 884 1584 Romae
909 1552 1000 1592 apud
1027 1554 1181 1583 sanctum
1208 1551 1353 1591 Petrum,
1379 1562 1469 1584 anno
1495 1552 1738 1585 lncarnationis
1764 1552 1962 1586 Dominicae
1980 1555 2074 1593 1561,

247 1614 393 1653 septimo
420 1613 496 1645 idus
523 1613 707 1652 Februarii,
734 1612 956 1646 pontificatus
982 1615 1087 1646 nostri
1114 1623 1203 1646 anno
1238 1615 1399 1647 secundo.
1425 1612 1476 1656 (1)

291 1771 321 1793 il)
336 1770 362 1791 ΑΙ
378 1770 449 1795 foglio
471 1771 497 1791 50
512 1770 548 1791 del
571 1776 655 1795 grosso
671 1772 763 1792 volume
784 1772 946 1795 niaiioscrittO,
962 1772 1004 1792 elie
1023 1771 1044 1792 fa
1068 1774 1134 1798 parte

250 1815 353 1836 delenit.
371 1821 391 1835 11,
408 1816 447 1835 42<
462 1815 521 1836 della
539 1815 597 1836 Bibl.
612 1815 678 1836 Univ.
695 1816 716 1836 di
729 1815 808 1841 Pavia,
824 1816 912 1836 sonole
927 1816 1135 1842 segucntiparole:

251 1868 255 1873 ¹
279 1860 371 1880 l.'anno
391 1860 448 1885 151111,
463 1861 476 1881 5
490 1860 572 1885 aprile,
588 1860 670 1885 delego
693 1860 739 1880 Sua
761 1859 852 1881 Sanina
875 1866 916 1886 per
935 1860 1000 1881 detta
1016 1866 1086 1881 causa
1102 1860 1133 1880 cdi

250 1903 272 1925 S.
290 1904 411 1928 Mostioln)
427 1905 440 1924 li
457 1905 501 1925 due
518 1904 616 1925 Vescovi
633 1905 654 1925 di
672 1904 741 1925 Pavia
757 1910 769 1925 e
785 1904 806 1925 di
825 1904 889 1930 Lodi,
906 1905 968 1930 quali
993 1905 1132 1926 rescrissero

249 1951 265 1969 a'
278 1949 324 1970 Sua
339 1948 430 1970 Szintiti'i
448 1949 488 1970 Pio
504 1949 532 1970 lv
548 1954 613 1969 esser
628 1949 649 1969 di
673 1949 768 1974 ragione
784 1949 804 1969 la
825 1949 890 1970 detta
911 1949 1063 1970 restituzione
1086 1949 1132 1970 del-

249 1994 368 2014 l'aliennto
385 1996 527 2014 monastero.
546 1994 667 2014 Frattanto
684 1994 740 2019 peri)
756 1994 797 2015 che
813 1994 944 2015 civilmente
961 1994 1084 2014 trattavasi
1101 1994 1132 2014 tal

248 2038 417 2063 controversia,
433 2044 444 2058 e
461 2038 517 2063 pero
534 2038 662 2059 tardavano
678 2039 691 2058 li
709 2039 781 2059 nostri
799 2038 907 2064 Religiosi
924 2039 1104 2059 l'evacuazione
1120 2044 1132 2058 e

250 2083 295 2103 real
318 2083 425 2103 cessione
448 2082 484 2103 del
506 2082 572 2103 detto
595 2082 724 2107 Convenio,
745 2083 819 2103 alcuni
843 2083 976 2108 prepotenti
1001 2082 1128 2103 Protettori

248 2127 307 2148 delle
324 2128 435 2147 monache
451 2128 581 2147 stimzirono
597 2127 618 2147 di
635 2127 788 2153 :ipprendersi
804 2133 817 2148 a
834 2127 912 2153 partiti
929 2133 940 2148 e
952 2128 1023 2148 niezzi
1036 2127 1130 2148 violenti

248 2177 260 2192 e
270 2172 317 2192 cosi
333 2171 502 2197 d'iinprovviso
517 2172 535 2191 si
553 2172 633 2192 videro
649 2172 797 2192 inconvento
809 2172 837 2192 da
848 2172 874 2193 50
884 2177 896 2192 a
907 2171 933 2192 (⁴10
949 2172 1034 2192 nomini
1046 2172 1128 2192 :irinati

247 2216 380 2236 commutati
392 2216 443 2236 altri
460 2221 472 2236 :t
489 2217 572 2236 rubnrc
583 2216 634 2236 nltri
651 2216 680 2236 ad
689 2217 842 2237 abbrucciarc
853 2216 880 2237 ed
890 2216 942 2237 altri
953 2222 966 2236 a
983 2216 1016 2236 far
1025 2216 1130 2237 violenze

247 2261 269 2281 a'
285 2261 386 2285 religiosi
410 2260 438 2281 de
461 2261 523 2286 quali
539 2261 614 2281 alcuni
637 2263 760 2281 restarono
783 2260 852 2286 feriti,
868 2261 944 2282 sicche
965 2261 979 2281 il
1002 2260 1088 2282 Sennto
1111 2261 1132 2281 di

251 2305 339 2325 ,ΜΗ-’1110
365 2311 408 2325 non
425 2311 451 2325 so
468 2306 480 2325 il
498 2306 590 2331 percite*
607 2306 677 2326 sunio
693 2306 815 2331 spediciue
831 2306 852 2326 di
870 2305 999 2332 persunder
1014 2306 1028 2326 il
1039 2306 1130 2326 Vicario

247 2349 360 2370 (hiierxrle
376 2350 411 2370 del
436 2350 542 2371 Vescovo
558 2351 599 2371 elie
622 2351 733 2371 lascinsse
750 2351 822 2371 libero
838 2351 852 2370 il
869 2350 934 2371 detto
957 2352 1072 2371 convento
1087 2350 1131 2371 :illc

248 2395 367 2417 monache,
385 2395 436 2415 solo
452 2395 600 2420 procedendo
616 2400 659 2415 con
676 2395 728 2419 ogni
750 2395 824 2419 rigore
840 2397 922 2415 contro
938 2395 1103 2419 degl'invasori

289 2439 310 2459 111
327 2439 419 2463 seguito
435 2439 572 2459 :tll'assalto
595 2439 650 2460 dato
665 2440 686 2459 nl
702 2441 826 2463 convento,
843 2439 846 2459 i
865 2439 973 2464 Religiosi
989 2440 1030 2460 elie
1047 2440 1067 2459 vi
1085 2440 1133 2459 abi-

248 2486 334 2504 tnvnno
352 2484 370 2503 si
388 2484 512 2504 ritrussero
526 2489 538 2503 :1
555 2483 577 2504 S.
595 2484 717 2509 Agostivo,
730 2490 740 2504 e
756 2490 768 2504 a
785 2483 807 2504 Si
825 2484 937 2504 Mustiolzi
953 2483 1131 2504 s'inseuiarono

248 2528 269 2548 di
286 2527 345 2548 fatto
361 2528 380 2548 le
396 2527 512 2549 Monaclie
527 2528 548 2548 di
565 2528 646 2549 Monte
662 2528 761 2551 oliveto,
778 2534 843 2549 coine
858 2534 946 2554 appare
961 2529 1033 2549 anche
1053 2529 1081 2549 da
1102 2534 1131 2549 1111

248 2574 299 2593 atto
315 2572 336 2592 di
353 2572 479 2596 Ainbroigio
503 2572 596 2593 Beretta
619 2573 654 2593 tlel
670 2573 683 2593 3
703 2573 777 2598 aprile
800 2580 811 2593 e
834 2573 870 2593 del
887 2574 910 2593 18
932 2574 1057 2594 novembre
1082 2573 1128 2595 1561

248 2617 318 2640 (arch.
336 2619 411 2637 notar.
427 2617 448 2637 di
462 2616 549 2640 Pax-iai
562 2617 612 2637 Non
629 2622 668 2642 per
685 2619 769 2642 questo
786 2618 805 2637 ln
815 2616 939 2638 Coniunitit
951 2617 972 2638 111
986 2617 1008 2638 S.
1021 2617 1133 2638 Mostiola

247 2661 316 2682 cesso
332 2661 353 2681 di
369 2662 476 2684 esistere:
494 2661 585 2686 poiche,
602 2667 667 2682 come
683 2661 701 2681 si
719 2661 776 2682 vedc
793 2662 821 2682 da
839 2662 902 2682 molti
918 2661 1060 2685 documenti,
1078 2668 1131 2683 essa

249 2711 293 2732 pur
310 2705 410 2726 vivendo
427 2706 447 2725 111
463 2705 485 2726 S.
503 2705 625 2731 Agostino,
642 2706 754 2726 continuo
769 2706 798 2726 ad
814 2711 893 2727 essere
909 2707 929 2727 la
945 2712 999 2727 vera
1013 2706 1136 2728 Coniunitn

1189 1772 1211 1792 di
1227 1771 1249 1793 S.
1267 1772 1378 1793 Mostiola
1390 1772 1441 1793 sino
1456 1778 1468 1793 a
1485 1773 1552 1798 quasi
1566 1774 1629 1794 tutto
1646 1773 1659 1794 il
1673 1773 1723 1794 1566
1737 1773 1933 1797 (vcdidocide15
1943 1774 2070 1795 settembre

1195 1814 1325 1837 15661vcd÷
1341 1814 1391 1834 nltii
1408 1814 1540 1834 dominu-nti
1555 1813 1576 1834 111
1594 1813 1769 1836 [111Π1ιίι;ῖι’11111,
1786 1818 1826 1837 pai!
1851 1812 1908 1834 Xlll.

1229 1861 1255 1882 Α1
1280 1862 1286 1882 1
1314 1862 1408 1882 ottobre
1430 1867 1473 1882 con
1492 1863 1544 1882 atto
1560 1862 1581 1882 di
1605 1861 1730 1883 Guniforto
1751 1861 1834 1887 Scotti,
1850 1863 1888 1883 nel
1910 1864 2023 1883 convento
2046 1863 2070 1884 di

1188 1907 1209 1925 S.
1233 1906 1357 1931 Agosrino,
1374 1906 1439 1926 unito
1461 1906 1475 1926 il
1497 1906 1601 1931 capitolo
1623 1906 1803 1927 reverendorum
1827 1906 1915 1927 l‘rioris
1934 1908 1956 1927 et
1971 1906 2069 1928 fratrum

1174 1950 1368 1970 monasteriorum
1384 1950 1458 1970 sancti
1474 1950 1596 1976 Augustini
1613 1952 1635 1971 ct
1646 1951 1726 1971 sancte
1742 1950 1854 1971 Mustiole
1874 1951 2069 1972 Heremitarum...

1188 1993 1216 2014 de
1239 1994 1350 2014 mandato
1373 1994 1492 2015 reverendi
1517 1994 1590 2020 patris
1594 2011 1634 2015 .....
1656 1995 1760 2020 magistri
1783 1995 1868 2015 domini
1890 1994 1969 2016 fratris
1997 1995 2070 2016 Fulvii

1188 2038 1216 2058 de
1241 2038 1411 2059 Montefortino
1437 2038 1523 2059 Prioris
1539 2039 1593 2059 dicti
1619 2039 1753 2059 monasterii
1769 2039 1842 2060 sancti
1859 2039 1982 2065 Augustini
1993 2041 2017 2060 et
2037 2045 2070 2061 re-

1185 2083 1278 2103 verendi
1301 2083 1387 2103 domini
1412 2082 1491 2104 fratris
1514 2082 1582 2105 Roclii
1606 2083 1634 2103 de
1657 2083 1794 2104 Camairana
1819 2083 1905 2104 Prioris
1931 2084 2069 2105 Monasterii

1186 2129 1267 2148 sancte
1289 2127 1410 2153 Mustiole,
1426 2128 1464 2148 nel
1480 2128 1536 2154 ‹1qu
1559 2128 1663 2154 capitolo
1679 2133 1752 2149 erano
1773 2128 1848 2149 anche
1867 2128 1977 2154 magister
1999 2128 2070 2150 frater

1186 2172 1329 2193 Fortunatus
1351 2172 1379 2193 dc
1401 2172 1512 2197 Cerrano,
1524 2173 1634 2198 magister
1651 2172 1786 2193 Doininicus
1796 2172 1907 2193 firmanus
1923 2178 2013 2199 regens,
2024 2179 2070 2194 nia-

1186 2217 1259 2242 gister
1275 2217 1305 2238 lo.
1322 2217 1438 2238 Antonius
1458 2217 1586 2243 papiensis,
1603 2217 1674 2238 frater
1695 2216 1781 2238 Orfeus
1802 2217 1830 2238 de
1853 2217 1934 2243 Papia,
1950 2217 2020 2238 frater
2036 2217 2067 2239 lo.

1189 2261 1304 2282 Antonius
1316 2261 1344 2282 de
1355 2261 1435 2287 Papia,
1451 2261 1522 2282 frater
1539 2262 1648 2282 Nicotaus
1664 2261 1691 2282 de
1703 2261 1783 2288 Papia,
1798 2261 1869 2282 frater
1881 2262 1911 2282 lo.
1925 2262 2070 2288 Augustinus

1185 2311 1282 2327 cesenas
1298 2307 1379 2331 lector,
1394 2306 1465 2327 frater
1481 2306 1608 2332 Gregorius
1624 2307 1652 2327 de
1668 2307 1749 2327 Monte
1766 2307 1850 2332 Elparo
1862 2306 1973 2332 magister
1987 2306 2068 2333 studii,

1187 2349 1258 2370 frater
1280 2350 1425 2375 Augustinus
1441 2350 1469 2371 de
1485 2350 1566 2376 Papia,
1587 2350 1658 2371 frater
1673 2350 1836 2376 Sigisniondus
1858 2350 1886 2371 de
1903 2350 1982 2376 Papia,
1997 2350 2069 2372 frater

1189 2394 1330 2415 Benedictus
1345 2394 1374 2415 de
1389 2394 1532 2420 Mediolano,
1549 2394 1620 2415 frater
1642 2394 1841 2421 Michaelangelus
1860 2395 1888 2415 de
1905 2394 1984 2421 Papia,
1998 2394 2069 2416 frater

1190 2438 1220 2459 10,
1236 2438 1352 2459 Antonius
1367 2439 1396 2459 de
1420 2438 1566 2465 Castellatiu,
1582 2439 1653 2460 frater
1668 2439 1741 2460 Cesar
1755 2439 1783 2460 de
1806 2439 1905 2464 Verona,
1921 2438 1992 2460 frater
2012 2439 2083 2460 Euse-

1188 2483 1239 2503 bius
1256 2484 1390 2509 patavinus,
1406 2483 1476 2504 frater
1485 2483 1634 2509 Sperandeus
1649 2484 1776 2509 ianuensis,
1791 2483 1863 2504 trater
1879 2483 2010 2504 Ludovicus
2021 2483 2069 2510 pln-

1187 2528 1294 2548 centinus
1316 2530 1338 2549 et
1355 2527 1425 2549 frater
1447 2528 1557 2549 Nicolaus
1580 2529 1608 2549 de
1630 2528 1823 2554 Monticulo,pi1‘1
1843 2528 1867 2549 di
1882 2528 1926 2549 due
1948 2528 2009 2549 tei-zi·
2029 2528 2068 2549 de!

1187 2573 1429 2599 ct1pifolt)‚e!eggono
1449 2574 1500 2594 loro
1518 2574 1673 2599 procuratore
1696 2573 1843 2598 magnificum
1866 2573 1923 2594 iuris
1945 2573 2068 2599 utriusque

1189 2618 1310 2639 doctorem
1323 2617 1440 2638 dominum
1457 2617 1538 2638 lulium
1550 2617 1676 2638 Venturam
1693 2617 1720 2638 de
1736 2617 1823 2639 Urbino
1839 2617 1909 2639 Rome
1924 2623 2068 2639 commoran-

1187 2665 1242 2689 tein,
1256 2668 1299 2689 per
1313 2663 1337 2683 In
1353 2664 1463 2683 vertenza
1479 2662 1504 2683 rli
1519 2662 1542 2683 Si
1560 2662 1673 2683 Mostiola
1689 2662 1714 2683 di
1729 2662 1765 2683 cui
1781 2662 1802 2683 si
1818 2663 1893 2683 fratta
1909 2663 1933 2683 in
1949 2661 2032 2684 Roma.
