2305 3407
1901 219 1943 252 63

129 350 283 381 moniche
308 350 349 381 de
375 349 405 381 la
431 349 596 381 Nunciata
622 352 737 381 nostra
762 350 803 381 de
830 348 935 381 Pavia
952 347 1013 389 (1).
1040 348 1102 381 Per
1127 351 1220 381 tanto
1238 349 1266 381 el
1286 350 1456 381 desiderio
1482 350 1523 381 de
1549 350 1577 382 le
1604 350 1731 391 prefate
1758 353 1946 383 sanctemo-

129 412 228 443 nialle
253 412 280 443 si
306 412 324 443 ὲ
350 411 452 443 1110110
477 413 718 452 augumentato
744 420 845 443 verso
871 412 899 443 le
926 411 1124 445 Reverentie
1152 411 1283 449 Vosne,
1310 412 1540 443 desiderando
1558 412 1585 444 el
1606 415 1769 454 perpetuo
1795 414 1947 454 guberno

129 474 170 505 de
196 473 317 514 quelle,
344 482 409 504 non
436 473 580 505 mancho
605 473 820 505 desideramo
847 483 914 514 nuy
940 473 1000 505 tuti
1027 474 1089 505 che
1114 475 1236 514 questo
1263 474 1289 505 si
1317 474 1487 512 continua,
1514 474 1636 515 perche
1655 475 1811 506 vediamo
1831 484 1947 515 proce-

132 536 210 567 dere
235 535 277 567 da
302 544 381 567 esso
407 535 520 576 amplo
547 535 698 576 profecto
724 536 765 567 de
791 538 907 567 sancta
933 535 1093 577 religione
1120 545 1160 567 ne
1187 536 1214 567 le
1241 536 1352 577 tiglole
1378 538 1409 568 et
1434 536 1516 568 altre
1534 537 1787 578 consanguinee
1805 539 1836 569 et
1854 537 1945 569 affini

132 599 256 636 nostre,
281 597 482 629 offerendosi
509 597 656 628 anchora
683 606 749 638 noy
774 606 792 629 a
819 598 839 628 li
866 598 988 638 piaceri
1015 597 1056 629 de
1082 598 1192 638 quelle
1218 607 1258 629 ne
1285 598 1312 629 le
1338 599 1528 630 occurentie
1555 607 1625 630 sue.
1666 597 1789 630 Postea
1816 600 1847 630 vi
1875 608 1948 640 pre-

132 660 255 701 ghamo
281 659 524 691 instantissime
550 659 666 691 voliati
692 668 909 700 perseverare
936 660 1073 691 omnino
1099 669 1139 691 ne
1165 660 1194 691 la
1222 660 1371 700 predicta
1388 669 1466 691 cura
1492 662 1524 691 et
1549 660 1591 691 ad
1617 660 1669 691 cio
1695 660 1723 692 le
1751 659 1947 693 Reverentie

134 724 246 754 vostre
271 730 422 763 possano
448 722 586 753 liberius
611 722 772 763 exequire
810 724 930 762 questa
968 722 1126 763 impreisa
1167 722 1279 753 hanno
1306 722 1334 754 le
1361 722 1525 763 premisse
1551 722 1672 754 sorelle
1698 722 1857 754 mandato
1884 732 1949 754 uno

134 793 246 816 messo
271 793 290 815 a
317 783 420 817 Roma
445 792 463 815 a
490 786 588 824 posta
615 786 648 815 ut
674 784 819 816 totaliter
854 784 1046 815 eximantur
1080 784 1123 815 ab
1160 783 1341 816 Ordinario
1366 786 1397 816 et
1426 785 1457 815 in
1492 786 1596 816 totum
1635 785 1731 816 siano
1757 793 1775 816 a
1802 794 1868 825 vuy
1894 793 1950 816 su-

134 846 251 878 biecte.
277 845 352 877 Dat.
378 845 483 886 Papie
508 846 528 877 8
553 846 682 886 aprillis
712 847 803 878 1510.
831 846 990 877 Eiusdem
1017 845 1214 879 Reverentie
1241 848 1350 878 vestre
1388 846 1600 878 devotissimi
1644 845 1802 887 Deputati
1837 846 1950 878 officio

135 907 379 940 Provixionum
405 906 563 940 Civitatis
590 907 704 948 Papie.
731 907 950 946 Ambroxius‚
977 907 1113 941 Rochus
1138 909 1179 940 de
1205 907 1317 947 Curte‚
1344 908 1510 940 lohannes
1538 908 1728 940 Furnarius.

224 969 261 1001 Α.
288 969 327 1001 Τ.
353 969 559 1003 Reverendis
585 970 616 1001 in
643 968 780 1002 Christo
806 969 963 1002 Patribus
990 969 1121 1002 Vicario
1146 971 1305 1011 generalli
1332 973 1363 1002 et
1388 970 1631 1002 diffinitoribus
1668 968 1953 1012 Congregationis

135 1032 334 1064 Lombardie
360 1031 499 1064 Ordinis
525 1032 768 1064 Heremitarum
795 1033 1130 1064 observandissimis.

925 1233 1169 1274 DCCXX.

227 1343 498 1371 Dichiarazione
523 1343 616 1379 degli
642 1342 836 1371 Eremitani
862 1343 1025 1378 riguardo
1051 1343 1120 1371 alle
1146 1343 1376 1371 convenzioni
1402 1343 1456 1371 coi
1482 1343 1692 1372 Lateranesi
1719 1343 1870 1379 imposte
1896 1343 1953 1371 dal

141 1396 281 1427 Senato,

790 1491 937 1522 1510,
969 1491 1214 1523 gitlgllos
1247 1492 1299 1516 6.

630 1579 707 1603 (Arch.
732 1579 812 1600 Notat(
830 1579 851 1599 di
869 1579 946 1600 Pavia.
972 1590 995 1592 —
1011 1579 1059 1600 Atti
1076 1579 1097 1599 di
1115 1579 1172 1600 Gian
1190 1579 1318 1600 Francesco
1334 1579 1457 1603 Canevari)

152 1757 153 1803 l
241 1764 290 1881 I
374 1762 404 1807 ῚΝ
430 1777 578 1817 hospitio
604 1778 634 1808 et
660 1785 762 1816 super
788 1776 928 1817 pontille
955 1777 1092 1816 hospitii
1119 1776 1208 1817 signi
1235 1775 1396 1813 Saracini,
1426 1775 1523 1808 Forte
1550 1776 1757 1814 Laudensis‚
1792 1775 1956 1808 parochie

373 1821 374 1869 l
401 1841 516 1872 sancte
542 1839 649 1871 Marie
676 1837 850 1872 Canonice
876 1837 1084 1871 Gualterii....
1112 1838 1301 1872 Reverendi
1328 1848 1423 1871 sacre
1451 1839 1622 1880 theologie
1649 1839 1799 1880 magistri
1826 1839 1954 1871 domini

158 1880 374 1940 ἶήὴψᾸ
401 1902 560 1943 magister
586 1901 854 1933 Franceschinus
880 1902 920 1933 de
946 1899 1141 1934 Castelacio
1178 1900 1403 1933 Provincialis
1440 1900 1620 1932 Provincie
1662 1901 1862 1932 Lombardie
1896 1910 1955 1933 nec

138 1973 204 1996 non
231 1965 390 1996 dominus
416 1965 575 2006 magister
600 1963 737 1996 Gabriel
764 1964 805 1995 de
831 1963 936 2004 Papia
964 1962 1057 1995 Prior
1083 1964 1276 1995 monasterii
1315 1964 1401 1995 santi
1440 1963 1619 2004 Augustini
1658 1962 1762 2003 Papie
1788 1963 1867 1994 dicti
1894 1962 1956 1995 Or-

135 2027 234 2065 dinis,
261 2028 419 2059 dominus
445 2028 604 2068 magister
630 2026 862 2058 Bertolameus
888 2027 929 2058 de
955 2025 1141 2059 Castelatio
1178 2027 1276 2057 etiam
1314 2035 1407 2057 sacre
1445 2026 1614 2066 theologie
1641 2026 1799 2066 magister
1824 2028 1855 2057 et
1880 2035 1957 2066 pro-

134 2092 269 2120 curator
293 2089 373 2121 dicti
401 2089 640 2120 monasterii....
667 2089 782 2120 dicunt
807 2091 838 2120 et
864 2090 1093 2129 protestantur
1118 2088 1211 2128 quod
1238 2088 1265 2119 si
1292 2090 1324 2119 et
1350 2088 1381 2118 in
1408 2089 1570 2128 quantum
1598 2088 1796 2128 perveniant
1822 2096 1880 2118 seu
1900 2087 1956 2118 de-

137 2152 273 2183 veniant
298 2151 339 2183 ad
366 2151 500 2191 aliquas
525 2151 776 2182 convenciones
801 2154 832 2183 et
859 2153 956 2191 pacta
982 2153 1014 2182 et
1039 2160 1099 2182 seu
1125 2153 1235 2182 actum
1262 2151 1523 2182 conventionum
1551 2150 1796 2189 undecumque,
1815 2158 1957 2189 quomo—

138 2214 327 2253 documque
353 2215 384 2244 et
401 2213 688 2254 qualitercumque
715 2213 826 2244 medio
843 2215 874 2244 et
893 2214 1054 2244 interesse
1074 2212 1359 2246 Reverendissimi
1380 2213 1505 2243 domini
1525 2213 1650 2243 domini
1671 2212 1832 2252 Episcopi
1851 2211 1955 2243 Naul-

140 2276 243 2307 lensis
270 2284 328 2307 nec
354 2285 420 2306 11011
447 2278 477 2307 et
502 2276 776 2307 reverendissimi
813 2284 851 2307 ac
889 2276 1055 2316 magnifici
1093 2275 1220 2306 domini
1259 2274 1390 2315 Ugonis
1428 2275 1507 2314 regii
1550 2274 1715 2305 senatoris
1741 2276 1772 2305 et
1797 2273 1954 2314 dellegati

138 2338 221 2369 inter
247 2338 341 2378 ipsos
367 2338 525 2369 dominos
552 2337 797 2369 provincialem
824 2339 854 2368 et
874 2337 1005 2369 Fratres
1030 2347 1071 2368 ex
1099 2346 1174 2375 una,
1190 2339 1221 2369 et
1246 2337 1451 2368 reverendos
1477 2337 1635 2367 dominos
1660 2335 1808 2367 Priorem
1835 2338 1866 2367 et
1892 2334 1957 2368 Ca-

137 2401 278 2432 nonicos
305 2400 492 2432 residentes
519 2401 549 2431 in
578 2401 782 2431 monasterio
819 2400 925 2432 sancti
954 2399 1040 2431 Petri
1068 2400 1098 2431 in
1125 2398 1208 2431 Celo
1245 2408 1346 2430 aureo
1384 2398 1488 2439 Papie
1520 2408 1561 2430 ex
1588 2399 1663 2436 alia,
1691 2399 1721 2429 in
1748 2398 1873 2439 quibus
1898 2407 1957 2438 ap-

137 2465 252 2503 pareat
278 2463 530 2503 suprascriptos
571 2463 729 2493 dominos
767 2461 1015 2494 Provincialem
1041 2462 1074 2493 ef
1099 2461 1247 2492 Priorem
1273 2464 1304 2492 et
1331 2461 1461 2492 Fratres
1498 2461 1686 2492 consentire
1727 2463 1782 2492 aut
1815 2469 1957 2491 consen—

136 2525 223 2556 sisse
250 2525 335 2565 ipsis
362 2524 413 2556 vel
440 2525 516 2556 aliis
543 2525 815 2565 quibuscumque
841 2524 1134 2556 convencionibus
1160 2525 1191 2554 et
1217 2523 1452 2554 ordinamento
1478 2523 1599 2554 fiendis
1624 2525 1655 2554 et
1680 2523 1791 2553 fiendo
1818 2532 1875 2562 per
1901 2531 1957 2553 su-

138 2587 363 2627 prascriptum
390 2587 563 2617 dominum
590 2587 716 2627 regium
743 2588 944 2624 senatorem,
970 2594 1034 2625 que
1061 2585 1206 2616 habeant
1231 2585 1358 2616 eisdem
1398 2584 1620 2616 Heremitanis
1646 2586 1678 2616 et
1703 2593 1817 2615 eorum
1856 2584 1957 2624 privi-

139 2648 236 2689 legiis
262 2649 293 2679 in
319 2648 434 2688 aliquo
461 2649 670 2688 preiudicare
696 2648 747 2679 vel
774 2648 912 2679 alterare
940 2657 997 2688 per
1014 2656 1128 2678 eorum
1147 2647 1301 2678 effectum
1327 2647 1565 2678 ordinaciones
1583 2648 1613 2678 et
1631 2646 1882 2687 disposiciones
1900 2655 1958 2677 an-

138 2711 261 2751 tiquas,
288 2711 319 2742 id
346 2710 479 2749 facient,
506 2711 533 2742 si
559 2711 601 2742 ad
629 2711 740 2751 ipsum
766 2719 970 2742 consensum
997 2710 1192 2741 devenirent
1197 2734 1248 2747 .....
1275 2711 1383 2749 preter
1408 2711 1438 2740 et
1464 2711 1578 2740 contra
1604 2718 1717 2740 eorum
1743 2709 1955 2739 dominorum

140 2772 289 2804 Fratrum
314 2774 345 2804 et
371 2773 480 2804 tocius
506 2772 646 2805 Ordinis
673 2772 813 2804 liberam
840 2774 983 2804 mentem
1002 2773 1033 2803 et
1052 2772 1166 2812 potius
1192 2771 1235 2802 ob
1262 2772 1482 2802 reverentiam
1510 2771 1656 2802 iamdicti
1676 2771 1755 2811 regii
1783 2769 1956 2803 Senatoris

138 2836 170 2866 et
195 2837 283 2866 metu
309 2835 472 2866 minarum
498 2836 528 2867 et
554 2843 715 2875 penarum
756 2834 919 2866 factarum
960 2833 1089 2865 eisdem
1115 2833 1262 2864 dominis
1289 2832 1470 2870 Fratribus,
1512 2841 1612 2873 quam
1638 2841 1679 2864 ex
1708 2832 1811 2864 libera
1841 2840 1954 2863 eorum

140 2899 249 2929 mente
273 2899 305 2928 et
330 2897 485 2929 videntes
510 2897 696 2938 prelibatos
721 2897 833 2937 regios
873 2894 1055 2928 Senatores
1082 2895 1125 2926 ita
1151 2903 1228 2926 esse
1254 2895 1456 2935 dispositos,
1482 2896 1513 2926 et
1541 2895 1622 2926 citra
1648 2903 1782 2934 semper
1807 2894 1954 2925 animum

195 3053 226 3077 (1)
245 3047 262 3074 Ε
277 3053 291 3073 11
307 3054 441 3074 monastero
456 3053 477 3073 di
493 3052 516 3074 S.
529 3052 603 3073 Maria
615 3052 668 3073 dell'
678 3052 832 3078 Annunziata‚
844 3052 910 3073 detto
923 3051 951 3073 de
962 3051 1019 3073 Bro-
1074 3056 1115 3072 sue
1130 3050 1211 3077 origini
1228 3050 1279 3071 vedi
1295 3050 1340 3071 vol.
1358 3050 1373 3075 1,
1390 3056 1442 3077 pag.
1458 3050 1504 3071 226,

143 3097 177 3118 lio
192 3102 233 3122 per
248 3097 400 3123 distinguerlo
416 3097 445 3118 da
461 3096 539 3123 quello
554 3096 756 3118 dell'Annunziata
772 3097 794 3117 di
810 3096 832 3117 S.
849 3096 941 3118 chiara.
961 3095 1023 3117 Sulle
