<?xml version="1.0" encoding="UTF-8"?>
<!DOCTYPE html PUBLIC "-//W3C//DTD XHTML 1.0 Transitional//EN"
    "http://www.w3.org/TR/xhtml1/DTD/xhtml1-transitional.dtd">
<html xmlns="http://www.w3.org/1999/xhtml" xml:lang="en" lang="en">
 <head>
  <title>
</title>
<meta http-equiv="Content-Type" content="text/html;charset=utf-8" />
  <meta name='ocr-system' content='tesseract 3.04.00' />
  <meta name='ocr-capabilities' content='ocr_page ocr_carea ocr_par ocr_line ocrx_word'/>
</head>
<body>
  <div class='ocr_page' id='page_1' title='image "./codexdiplomaticu03maiouoft/codexdiplomaticu03maiouoft_0243.png"; bbox 0 0 2305 3407; ppageno 0'>
   <div class='ocr_carea' id='block_1_1' title="bbox 1908 158 1968 189">
    <p class='ocr_par' dir='ltr' id='par_1_1' title="bbox 1908 158 1968 189">
     <span class='ocr_line' id='line_1_1' title="bbox 1908 158 1968 189; baseline -0.017 0"><span class='ocrx_word' id='word_1_1' title='bbox 1908 158 1968 189; x_wconf 86' lang='lat'>177</span> 
     </span>
    </p>
   </div>
   <div class='ocr_carea' id='block_1_2' title="bbox 147 292 1971 831">
    <p class='ocr_par' dir='ltr' id='par_1_2' title="bbox 147 292 1971 831">
     <span class='ocr_line' id='line_1_2' title="bbox 147 292 1967 337; baseline -0.003 -9"><span class='ocrx_word' id='word_1_2' title='bbox 147 296 318 337; x_wconf 69' lang='lat' dir='ltr'>specialis,</span> <span class='ocrx_word' id='word_1_3' title='bbox 343 295 513 336; x_wconf 69' lang='lat' dir='ltr'>specifica,</span> <span class='ocrx_word' id='word_1_4' title='bbox 539 303 716 334; x_wconf 84' lang='lat' dir='ltr'>expressa,</span> <span class='ocrx_word' id='word_1_5' title='bbox 745 294 934 331; x_wconf 82' lang='lat' dir='ltr'>individua,</span> <span class='ocrx_word' id='word_1_6' title='bbox 960 302 998 325; x_wconf 91' lang='lat' dir='ltr'>ac</span> <span class='ocrx_word' id='word_1_7' title='bbox 1025 293 1066 324; x_wconf 89' lang='lat' dir='ltr'>de</span> <span class='ocrx_word' id='word_1_8' title='bbox 1093 293 1196 324; x_wconf 89' lang='lat' dir='ltr'>verbo</span> <span class='ocrx_word' id='word_1_9' title='bbox 1222 293 1264 324; x_wconf 89' lang='lat' dir='ltr'>ad</span> <span class='ocrx_word' id='word_1_10' title='bbox 1293 293 1442 329; x_wconf 89' lang='lat' dir='ltr'>verbum,</span> <span class='ocrx_word' id='word_1_11' title='bbox 1481 302 1545 322; x_wconf 79' lang='lat' dir='ltr'>non</span> <span class='ocrx_word' id='word_1_12' title='bbox 1573 295 1682 323; x_wconf 87' lang='lat' dir='ltr'>autem</span> <span class='ocrx_word' id='word_1_13' title='bbox 1711 302 1769 332; x_wconf 86' lang='lat' dir='ltr'>per</span> <span class='ocrx_word' id='word_1_14' title='bbox 1795 292 1967 323; x_wconf 78' lang='lat' dir='ltr'>clausulas</span> 
     </span>
     <span class='ocr_line' id='line_1_3' title="bbox 149 355 1966 399; baseline -0.003 -10"><span class='ocrx_word' id='word_1_15' title='bbox 149 358 322 399; x_wconf 77' lang='lat' dir='ltr'>generales</span> <span class='ocrx_word' id='word_1_16' title='bbox 350 357 382 388; x_wconf 89' lang='lat' dir='ltr'>id</span> <span class='ocrx_word' id='word_1_17' title='bbox 409 357 641 397; x_wconf 86' lang='lat' dir='ltr'>importantes,</span> <span class='ocrx_word' id='word_1_18' title='bbox 669 356 794 387; x_wconf 88' lang='lat' dir='ltr'>mentio</span> <span class='ocrx_word' id='word_1_19' title='bbox 820 365 879 387; x_wconf 91' lang='lat' dir='ltr'>seu</span> <span class='ocrx_word' id='word_1_20' title='bbox 907 356 1028 396; x_wconf 85' lang='lat' dir='ltr'>quevis</span> <span class='ocrx_word' id='word_1_21' title='bbox 1064 356 1129 387; x_wconf 86' lang='lat' dir='ltr'>alia</span> <span class='ocrx_word' id='word_1_22' title='bbox 1166 355 1346 395; x_wconf 78' lang='lat' dir='ltr'>expressio</span> <span class='ocrx_word' id='word_1_23' title='bbox 1373 355 1529 385; x_wconf 80' lang='lat' dir='ltr'>habenda</span> <span class='ocrx_word' id='word_1_24' title='bbox 1566 357 1622 385; x_wconf 85' lang='lat' dir='ltr'>aut</span> <span class='ocrx_word' id='word_1_25' title='bbox 1656 355 1768 394; x_wconf 76' lang='lat' dir='ltr'>aliqua</span> <span class='ocrx_word' id='word_1_26' title='bbox 1796 355 1966 394; x_wconf 81' lang='lat' dir='ltr'>exquisita</span> 
     </span>
     <span class='ocr_line' id='line_1_4' title="bbox 149 417 1969 457; baseline -0.003 -6"><span class='ocrx_word' id='word_1_27' title='bbox 149 420 255 451; x_wconf 83' lang='lat' dir='ltr'>forma</span> <span class='ocrx_word' id='word_1_28' title='bbox 281 419 446 451; x_wconf 88' lang='lat' dir='ltr'>servanda</span> <span class='ocrx_word' id='word_1_29' title='bbox 473 419 566 457; x_wconf 81' lang='lat' dir='ltr'>toret,</span> <span class='ocrx_word' id='word_1_30' title='bbox 592 420 726 449; x_wconf 75' lang='lat' dir='ltr'>tenores</span> <span class='ocrx_word' id='word_1_31' title='bbox 754 418 946 448; x_wconf 80' lang='lat' dir='ltr'>huiusmodi</span> <span class='ocrx_word' id='word_1_32' title='bbox 974 427 1011 449; x_wconf 91' lang='lat' dir='ltr'>ac</span> <span class='ocrx_word' id='word_1_33' title='bbox 1037 418 1063 449; x_wconf 88' lang='grc'>51</span> <span class='ocrx_word' id='word_1_34' title='bbox 1092 418 1132 448; x_wconf 87' lang='lat' dir='ltr'>de</span> <span class='ocrx_word' id='word_1_35' title='bbox 1159 418 1262 448; x_wconf 88' lang='lat' dir='ltr'>verbo</span> <span class='ocrx_word' id='word_1_36' title='bbox 1288 417 1330 448; x_wconf 88' lang='lat' dir='ltr'>ad</span> <span class='ocrx_word' id='word_1_37' title='bbox 1359 417 1496 448; x_wconf 83' lang='lat' dir='ltr'>verbum</span> <span class='ocrx_word' id='word_1_38' title='bbox 1514 417 1736 447; x_wconf 77' lang='lat' dir='ltr'>insererentur</span> <span class='ocrx_word' id='word_1_39' title='bbox 1755 417 1969 456; x_wconf 74' lang='lat' dir='ltr'>presentibus</span> 
     </span>
     <span class='ocr_line' id='line_1_5' title="bbox 150 478 1967 522; baseline -0.003 -9"><span class='ocrx_word' id='word_1_40' title='bbox 150 491 209 522; x_wconf 91' lang='lat' dir='ltr'>pro</span> <span class='ocrx_word' id='word_1_41' title='bbox 235 481 442 513; x_wconf 75' lang='lat' dir='ltr'>sufficienter</span> <span class='ocrx_word' id='word_1_42' title='bbox 468 481 645 521; x_wconf 82' lang='lat' dir='ltr'>expressis</span> <span class='ocrx_word' id='word_1_43' title='bbox 670 479 846 520; x_wconf 80' lang='lat' dir='ltr'>formaque</span> <span class='ocrx_word' id='word_1_44' title='bbox 873 480 1042 511; x_wconf 83' lang='lat' dir='ltr'>servanda</span> <span class='ocrx_word' id='word_1_45' title='bbox 1070 489 1128 520; x_wconf 88' lang='lat' dir='ltr'>pro</span> <span class='ocrx_word' id='word_1_46' title='bbox 1156 479 1333 510; x_wconf 87' lang='lat' dir='ltr'>individuo</span> <span class='ocrx_word' id='word_1_47' title='bbox 1359 480 1493 510; x_wconf 86' lang='lat' dir='ltr'>servata</span> <span class='ocrx_word' id='word_1_48' title='bbox 1521 479 1696 515; x_wconf 81' lang='lat' dir='ltr'>habentes,</span> <span class='ocrx_word' id='word_1_49' title='bbox 1723 478 1799 514; x_wconf 82' lang='lat' dir='ltr'>illis,</span> <span class='ocrx_word' id='word_1_50' title='bbox 1825 478 1910 509; x_wconf 85' lang='lat' dir='ltr'>alias</span> <span class='ocrx_word' id='word_1_51' title='bbox 1937 479 1967 508; x_wconf 92' lang='lat' dir='ltr'>in</span> 
     </span>
     <span class='ocr_line' id='line_1_6' title="bbox 149 541 1970 583; baseline -0.002 -8"><span class='ocrx_word' id='word_1_52' title='bbox 149 553 211 575; x_wconf 93' lang='lat' dir='ltr'>suo</span> <span class='ocrx_word' id='word_1_53' title='bbox 237 544 357 575; x_wconf 83' lang='lat' dir='ltr'>robore</span> <span class='ocrx_word' id='word_1_54' title='bbox 384 543 625 583; x_wconf 74' lang='lat' dir='ltr'>permansuris,</span> <span class='ocrx_word' id='word_1_55' title='bbox 653 543 713 573; x_wconf 82' lang='lat' dir='ltr'>liac</span> <span class='ocrx_word' id='word_1_56' title='bbox 740 543 811 574; x_wconf 85' lang='lat' dir='ltr'>vice</span> <span class='ocrx_word' id='word_1_57' title='bbox 838 543 1015 573; x_wconf 75' lang='lat' dir='ltr'>dumtaxat</span> <span class='ocrx_word' id='word_1_58' title='bbox 1052 542 1242 582; x_wconf 79' lang='lat' dir='ltr'>specialiter</span> <span class='ocrx_word' id='word_1_59' title='bbox 1279 544 1310 572; x_wconf 87' lang='lat' dir='ltr'>et</span> <span class='ocrx_word' id='word_1_60' title='bbox 1347 550 1510 581; x_wconf 73' lang='lat' dir='ltr'>expresse</span> <span class='ocrx_word' id='word_1_61' title='bbox 1551 541 1755 581; x_wconf 80' lang='lat' dir='ltr'>derogamus</span> <span class='ocrx_word' id='word_1_62' title='bbox 1781 541 1970 580; x_wconf 80' lang='lat' dir='ltr'>ceterisque</span> 
     </span>
     <span class='ocr_line' id='line_1_7' title="bbox 148 602 1968 646; baseline -0.002 -9"><span class='ocrx_word' id='word_1_63' title='bbox 148 606 324 638; x_wconf 82' lang='lat' dir='ltr'>contrariis</span> <span class='ocrx_word' id='word_1_64' title='bbox 351 606 635 646; x_wconf 83' lang='lat' dir='ltr'>quibuscumque.</span> <span class='ocrx_word' id='word_1_65' title='bbox 663 604 806 635; x_wconf 80' lang='lat' dir='ltr'>Proviso</span> <span class='ocrx_word' id='word_1_66' title='bbox 833 605 923 645; x_wconf 72' lang='lat' dir='ltr'>quod</span> <span class='ocrx_word' id='word_1_67' title='bbox 952 605 1141 635; x_wconf 79' lang='lat' dir='ltr'>infirmitate</span> <span class='ocrx_word' id='word_1_68' title='bbox 1161 606 1215 635; x_wconf 89' lang='lat' dir='ltr'>tua</span> <span class='ocrx_word' id='word_1_69' title='bbox 1235 604 1428 635; x_wconf 86' lang='lat' dir='ltr'>huiusmodi</span> <span class='ocrx_word' id='word_1_70' title='bbox 1456 606 1620 639; x_wconf 85' lang='lat' dir='ltr'>cessante,</span> <span class='ocrx_word' id='word_1_71' title='bbox 1647 602 1689 634; x_wconf 88' lang='lat' dir='ltr'>ad</span> <span class='ocrx_word' id='word_1_72' title='bbox 1716 603 1862 643; x_wconf 77' lang='lat' dir='ltr'>aliquam</span> <span class='ocrx_word' id='word_1_73' title='bbox 1889 603 1968 634; x_wconf 92' lang='lat' dir='ltr'>dicti</span> 
     </span>
     <span class='ocr_line' id='line_1_8' title="bbox 149 665 1971 707; baseline -0.003 -7"><span class='ocrx_word' id='word_1_74' title='bbox 149 667 288 700; x_wconf 87' lang='lat' dir='ltr'>Ordinis</span> <span class='ocrx_word' id='word_1_75' title='bbox 315 668 451 699; x_wconf 90' lang='lat' dir='ltr'>domum</span> <span class='ocrx_word' id='word_1_76' title='bbox 480 668 599 699; x_wconf 85' lang='lat' dir='ltr'>redeas</span> <span class='ocrx_word' id='word_1_77' title='bbox 625 676 700 698; x_wconf 90' lang='lat' dir='ltr'>cum</span> <span class='ocrx_word' id='word_1_78' title='bbox 727 667 859 705; x_wconf 76' lang='lat' dir='ltr'>effectu,</span> <span class='ocrx_word' id='word_1_79' title='bbox 885 667 1035 707; x_wconf 73' lang='lat' dir='ltr'>alioquin</span> <span class='ocrx_word' id='word_1_80' title='bbox 1064 667 1237 707; x_wconf 87' lang='lat' dir='ltr'>legiptimo</span> <span class='ocrx_word' id='word_1_81' title='bbox 1263 668 1417 697; x_wconf 86' lang='lat' dir='ltr'>cessante</span> <span class='ocrx_word' id='word_1_82' title='bbox 1445 666 1695 705; x_wconf 83' lang='lat' dir='ltr'>impedimento,</span> <span class='ocrx_word' id='word_1_83' title='bbox 1722 667 1896 705; x_wconf 72' lang='lat' dir='ltr'>presentes</span> <span class='ocrx_word' id='word_1_84' title='bbox 1923 665 1971 696; x_wconf 88' lang='lat' dir='ltr'>lit-</span> 
     </span>
     <span class='ocr_line' id='line_1_9' title="bbox 148 727 1969 769; baseline -0.003 -7"><span class='ocrx_word' id='word_1_85' title='bbox 148 733 216 762; x_wconf 88' lang='lat' dir='ltr'>tere</span> <span class='ocrx_word' id='word_1_86' title='bbox 243 731 302 761; x_wconf 86' lang='lat' dir='ltr'>tibi</span> <span class='ocrx_word' id='word_1_87' title='bbox 330 730 523 761; x_wconf 88' lang='lat' dir='ltr'>nullatenus</span> <span class='ocrx_word' id='word_1_88' title='bbox 560 729 796 769; x_wconf 77' lang='lat' dir='ltr'>suffragentur.</span> <span class='ocrx_word' id='word_1_89' title='bbox 835 728 956 760; x_wconf 88' lang='lat' dir='ltr'>Datum</span> <span class='ocrx_word' id='word_1_90' title='bbox 997 729 1108 764; x_wconf 72' lang='lat' dir='ltr'>Rome„</span> <span class='ocrx_word' id='word_1_91' title='bbox 1147 729 1236 769; x_wconf 85' lang='lat' dir='ltr'>apud</span> <span class='ocrx_word' id='word_1_92' title='bbox 1277 730 1428 759; x_wconf 87' lang='lat' dir='ltr'>sanctum</span> <span class='ocrx_word' id='word_1_93' title='bbox 1469 727 1612 764; x_wconf 82' lang='lat' dir='ltr'>Petrum,</span> <span class='ocrx_word' id='word_1_94' title='bbox 1639 728 1702 758; x_wconf 80' lang='lat' dir='ltr'>sul]</span> <span class='ocrx_word' id='word_1_95' title='bbox 1729 728 1842 767; x_wconf 64' lang='lat' dir='ltr'>sigillo</span> <span class='ocrx_word' id='word_1_96' title='bbox 1868 727 1969 758; x_wconf 76' lang='lat' dir='ltr'>officii</span> 
     </span>
     <span class='ocr_line' id='line_1_10' title="bbox 149 790 1496 831; baseline -0.001 -8"><span class='ocrx_word' id='word_1_97' title='bbox 149 792 319 829; x_wconf 84' lang='lat' dir='ltr'>Primarie,</span> <span class='ocrx_word' id='word_1_98' title='bbox 347 791 414 824; x_wconf 87' lang='lat' dir='ltr'>Vlll</span> <span class='ocrx_word' id='word_1_99' title='bbox 443 791 537 829; x_wconf 75' lang='lat' dir='ltr'>lunii,</span> <span class='ocrx_word' id='word_1_100' title='bbox 564 790 786 822; x_wconf 77' lang='lat' dir='ltr'>Pontiiicatus</span> <span class='ocrx_word' id='word_1_101' title='bbox 813 792 939 822; x_wconf 87' lang='lat' dir='ltr'>domini</span> <span class='ocrx_word' id='word_1_102' title='bbox 968 791 1061 823; x_wconf 84' lang='lat' dir='ltr'>Pauli</span> <span class='ocrx_word' id='word_1_103' title='bbox 1091 790 1183 831; x_wconf 81' lang='lat' dir='ltr'>Pape</span> <span class='ocrx_word' id='word_1_104' title='bbox 1209 790 1257 827; x_wconf 85' lang='grc'>111,</span> <span class='ocrx_word' id='word_1_105' title='bbox 1284 800 1373 821; x_wconf 81' lang='lat' dir='ltr'>anno</span> <span class='ocrx_word' id='word_1_106' title='bbox 1401 790 1407 821; x_wconf 94' lang='lat' dir='ltr'>l</span> <span class='ocrx_word' id='word_1_107' title='bbox 1435 791 1496 829; x_wconf 90' lang='lat' dir='ltr'>(l).</span> 
     </span>
    </p>
   </div>
   <div class='ocr_carea' id='block_1_3' title="bbox 898 992 1224 1033">
    <p class='ocr_par' dir='ltr' id='par_1_3' title="bbox 898 992 1224 1033">
     <span class='ocr_line' id='line_1_11' title="bbox 898 992 1224 1033; baseline 0 -3"><span class='ocrx_word' id='word_1_108' title='bbox 898 992 1224 1033; x_wconf 84' lang='lat' dir='ltr'>DCCCLVII.</span> 
     </span>
    </p>
   </div>
   <div class='ocr_carea' id='block_1_4' title="bbox 148 1098 1970 1185">
    <p class='ocr_par' dir='ltr' id='par_1_4' title="bbox 148 1098 1970 1185">
     <span class='ocr_line' id='line_1_12' title="bbox 238 1098 1970 1136; baseline -0.003 -5"><span class='ocrx_word' id='word_1_109' title='bbox 238 1103 343 1131; x_wconf 83' lang='lat' dir='ltr'>Frate</span> <span class='ocrx_word' id='word_1_110' title='bbox 369 1101 556 1130; x_wconf 74' lang='lat' dir='ltr'>Lattanzio</span> <span class='ocrx_word' id='word_1_111' title='bbox 582 1103 627 1130; x_wconf 80' lang='lat' dir='ltr'>da</span> <span class='ocrx_word' id='word_1_112' title='bbox 654 1102 829 1130; x_wconf 78' lang='lat' dir='ltr'>Piacenza</span> <span class='ocrx_word' id='word_1_113' title='bbox 855 1101 1077 1129; x_wconf 80' lang='lat' dir='ltr'>Provinciale</span> <span class='ocrx_word' id='word_1_114' title='bbox 1104 1101 1139 1129; x_wconf 83' lang='lat' dir='ltr'>di</span> <span class='ocrx_word' id='word_1_115' title='bbox 1165 1101 1377 1129; x_wconf 81' lang='lat' dir='ltr'>Lombardia</span> <span class='ocrx_word' id='word_1_116' title='bbox 1396 1108 1551 1136; x_wconf 83' lang='lat' dir='ltr'>approva</span> <span class='ocrx_word' id='word_1_117' title='bbox 1569 1108 1613 1127; x_wconf 87' lang='lat' dir='ltr'>un</span> <span class='ocrx_word' id='word_1_118' title='bbox 1632 1103 1806 1127; x_wconf 82' lang='lat' dir='ltr'>contratto</span> <span class='ocrx_word' id='word_1_119' title='bbox 1832 1098 1866 1126; x_wconf 86' lang='lat' dir='ltr'>di</span> <span class='ocrx_word' id='word_1_120' title='bbox 1882 1098 1970 1125; x_wconf 82' lang='lat' dir='ltr'>frate</span> 
     </span>
     <span class='ocr_line' id='line_1_13' title="bbox 148 1155 537 1185; baseline -0.003 -1"><span class='ocrx_word' id='word_1_121' title='bbox 148 1155 293 1184; x_wconf 86' lang='lat' dir='ltr'>Aurelio</span> <span class='ocrx_word' id='word_1_122' title='bbox 320 1157 364 1184; x_wconf 88' lang='lat' dir='ltr'>da</span> <span class='ocrx_word' id='word_1_123' title='bbox 390 1156 537 1185; x_wconf 83' lang='lat' dir='ltr'>Candia.</span> 
     </span>
    </p>
   </div>
   <div class='ocr_carea' id='block_1_5' title="bbox 805 1249 1317 1281">
    <p class='ocr_par' dir='ltr' id='par_1_5' title="bbox 805 1249 1317 1281">
     <span class='ocr_line' id='line_1_14' title="bbox 805 1249 1317 1281; baseline -0.004 -6"><span class='ocrx_word' id='word_1_124' title='bbox 805 1250 965 1281; x_wconf 76' lang='lat'>1535,</span> <span class='ocrx_word' id='word_1_125' title='bbox 995 1250 1235 1281; x_wconf 60' lang='lat' dir='ltr'>gitngl10‚</span> <span class='ocrx_word' id='word_1_126' title='bbox 1264 1249 1317 1273; x_wconf 74' lang='lat'>9.</span> 
     </span>
    </p>
   </div>
   <div class='ocr_carea' id='block_1_6' title="bbox 749 1336 1368 1363">
    <p class='ocr_par' dir='ltr' id='par_1_6' title="bbox 749 1336 1368 1363">
     <span class='ocr_line' id='line_1_15' title="bbox 749 1336 1368 1363; baseline -0.005 -3"><span class='ocrx_word' id='word_1_127' title='bbox 749 1339 825 1361; x_wconf 72' lang='lat' dir='ltr'>(Arcu.</span> <span class='ocrx_word' id='word_1_128' title='bbox 843 1338 878 1359; x_wconf 82' lang='lat' dir='ltr'>del</span> <span class='ocrx_word' id='word_1_129' title='bbox 895 1338 1016 1359; x_wconf 86' lang='lat' dir='ltr'>Convento</span> <span class='ocrx_word' id='word_1_130' title='bbox 1032 1338 1053 1358; x_wconf 91' lang='lat' dir='ltr'>di</span> <span class='ocrx_word' id='word_1_131' title='bbox 1070 1337 1092 1359; x_wconf 87' lang='lat' dir='ltr'>S.</span> <span class='ocrx_word' id='word_1_132' title='bbox 1110 1338 1223 1363; x_wconf 80' lang='lat' dir='ltr'>Agostino</span> <span class='ocrx_word' id='word_1_133' title='bbox 1239 1338 1260 1357; x_wconf 87' lang='lat' dir='ltr'>di</span> <span class='ocrx_word' id='word_1_134' title='bbox 1278 1336 1368 1358; x_wconf 56' lang='lat' dir='ltr'>Pavial.</span> 
     </span>
    </p>
   </div>
   <div class='ocr_carea' id='block_1_7' title="bbox 227 1523 325 1640">
    <p class='ocr_par' dir='ltr' id='par_1_7' title="bbox 227 1523 325 1640">
     <span class='ocr_line' id='line_1_16' title="bbox 227 1523 325 1640; baseline 0 0"><span class='ocrx_word' id='word_1_135' title='bbox 227 1523 325 1640; x_wconf 89' lang='grc' dir='ltr'><em>Ρ</em></span> 
     </span>
    </p>
   </div>
   <div class='ocr_carea' id='block_1_8' title="bbox 147 1720 1971 1765">
    <p class='ocr_par' dir='ltr' id='par_1_8' title="bbox 147 1720 1971 1765">
     <span class='ocr_line' id='line_1_17' title="bbox 147 1720 1971 1765; baseline -0.003 -9"><span class='ocrx_word' id='word_1_136' title='bbox 147 1725 320 1756; x_wconf 81' lang='lat' dir='ltr'>firmamus</span> <span class='ocrx_word' id='word_1_137' title='bbox 346 1726 377 1756; x_wconf 88' lang='lat' dir='ltr'>et</span> <span class='ocrx_word' id='word_1_138' title='bbox 402 1724 635 1765; x_wconf 82' lang='lat' dir='ltr'>approbamus</span> <span class='ocrx_word' id='word_1_139' title='bbox 661 1722 1021 1754; x_wconf 87' lang='lat' dir='ltr'>insolutumdationem</span> <span class='ocrx_word' id='word_1_140' title='bbox 1048 1723 1079 1753; x_wconf 91' lang='lat' dir='ltr'>et</span> <span class='ocrx_word' id='word_1_141' title='bbox 1104 1722 1363 1753; x_wconf 87' lang='lat' dir='ltr'>conventionem</span> <span class='ocrx_word' id='word_1_142' title='bbox 1382 1721 1504 1752; x_wconf 81' lang='lat' dir='ltr'>factam</span> <span class='ocrx_word' id='word_1_143' title='bbox 1532 1730 1590 1761; x_wconf 91' lang='lat' dir='ltr'>per</span> <span class='ocrx_word' id='word_1_144' title='bbox 1616 1720 1842 1752; x_wconf 88' lang='lat' dir='ltr'>venerabilem</span> <span class='ocrx_word' id='word_1_145' title='bbox 1870 1720 1971 1751; x_wconf 88' lang='lat' dir='ltr'>lecto-</span> 
     </span>
    </p>
   </div>
   <div class='ocr_carea' id='block_1_9' title="bbox 370 1532 1971 1700">
    <p class='ocr_par' dir='ltr' id='par_1_9' title="bbox 370 1532 1971 1700">
     <span class='ocr_line' id='line_1_18' title="bbox 397 1532 1971 1577; baseline -0.003 -9"><span class='ocrx_word' id='word_1_146' title='bbox 397 1541 522 1568; x_wconf 87' lang='grc' dir='ltr'>ΑΤΕΛΤ</span> <span class='ocrx_word' id='word_1_147' title='bbox 549 1538 725 1577; x_wconf 88' lang='lat' dir='ltr'>presentes</span> <span class='ocrx_word' id='word_1_148' title='bbox 751 1535 955 1576; x_wconf 90' lang='lat' dir='ltr'>inspecturis</span> <span class='ocrx_word' id='word_1_149' title='bbox 991 1535 1136 1575; x_wconf 86' lang='lat' dir='ltr'>qualiter</span> <span class='ocrx_word' id='word_1_150' title='bbox 1161 1543 1223 1566; x_wconf 91' lang='lat' dir='ltr'>nos</span> <span class='ocrx_word' id='word_1_151' title='bbox 1257 1535 1418 1575; x_wconf 89' lang='lat' dir='ltr'>magister</span> <span class='ocrx_word' id='word_1_152' title='bbox 1456 1534 1648 1565; x_wconf 91' lang='lat' dir='ltr'>Lactantius</span> <span class='ocrx_word' id='word_1_153' title='bbox 1675 1533 1715 1564; x_wconf 90' lang='lat' dir='ltr'>de</span> <span class='ocrx_word' id='word_1_154' title='bbox 1742 1532 1913 1564; x_wconf 82' lang='lat' dir='ltr'>Placentia</span> <span class='ocrx_word' id='word_1_155' title='bbox 1940 1532 1971 1562; x_wconf 93' lang='lat' dir='ltr'>in</span> 
     </span>
     <span class='ocr_line' id='line_1_19' title="bbox 418 1595 1971 1639; baseline -0.003 -8"><span class='ocrx_word' id='word_1_156' title='bbox 418 1608 513 1631; x_wconf 87' lang='lat' dir='ltr'>sacra</span> <span class='ocrx_word' id='word_1_157' title='bbox 538 1598 710 1639; x_wconf 84' lang='lat' dir='ltr'>theologia</span> <span class='ocrx_word' id='word_1_158' title='bbox 737 1597 921 1638; x_wconf 83' lang='lat' dir='ltr'>professor,</span> <span class='ocrx_word' id='word_1_159' title='bbox 959 1595 1099 1629; x_wconf 90' lang='lat' dir='ltr'>Ordinis</span> <span class='ocrx_word' id='word_1_160' title='bbox 1126 1596 1275 1628; x_wconf 82' lang='lat' dir='ltr'>Fratrum</span> <span class='ocrx_word' id='word_1_161' title='bbox 1302 1596 1545 1628; x_wconf 83' lang='lat' dir='ltr'>Heremitarum</span> <span class='ocrx_word' id='word_1_162' title='bbox 1580 1596 1687 1627; x_wconf 90' lang='lat' dir='ltr'>sancti</span> <span class='ocrx_word' id='word_1_163' title='bbox 1716 1595 1907 1636; x_wconf 84' lang='lat' dir='ltr'>Augustini,</span> <span class='ocrx_word' id='word_1_164' title='bbox 1933 1603 1971 1626; x_wconf 86' lang='lat' dir='ltr'>ac</span> 
     </span>
     <span class='ocr_line' id='line_1_20' title="bbox 370 1658 1970 1700; baseline -0.003 -7"><span class='ocrx_word' id='word_1_165' title='bbox 370 1697 381 1699; x_wconf 73' lang='lat'><strong>„</strong></span> <span class='ocrx_word' id='word_1_166' title='bbox 417 1661 520 1693; x_wconf 89' lang='lat' dir='ltr'>totius</span> <span class='ocrx_word' id='word_1_167' title='bbox 546 1659 739 1692; x_wconf 77' lang='lat' dir='ltr'>provintiae</span> <span class='ocrx_word' id='word_1_168' title='bbox 765 1659 987 1691; x_wconf 84' lang='lat' dir='ltr'>Lombardiae</span> <span class='ocrx_word' id='word_1_169' title='bbox 1025 1658 1244 1691; x_wconf 74' lang='lat' dir='ltr'>provintialis</span> <span class='ocrx_word' id='word_1_170' title='bbox 1270 1659 1345 1690; x_wconf 92' lang='lat' dir='ltr'>licet</span> <span class='ocrx_word' id='word_1_171' title='bbox 1371 1659 1540 1700; x_wconf 84' lang='lat' dir='ltr'>indignus,</span> <span class='ocrx_word' id='word_1_172' title='bbox 1568 1667 1625 1698; x_wconf 91' lang='lat' dir='ltr'>per</span> <span class='ocrx_word' id='word_1_173' title='bbox 1645 1659 1705 1689; x_wconf 83' lang='lat' dir='ltr'>has</span> <span class='ocrx_word' id='word_1_174' title='bbox 1732 1659 1865 1689; x_wconf 89' lang='lat' dir='ltr'>nostras</span> <span class='ocrx_word' id='word_1_175' title='bbox 1891 1666 1970 1688; x_wconf 91' lang='lat' dir='ltr'>con-</span> 
     </span>
    </p>
   </div>
   <div class='ocr_carea' id='block_1_10' title="bbox 147 1781 1971 2198">
    <p class='ocr_par' dir='ltr' id='par_1_10' title="bbox 147 1781 1971 2198">
     <span class='ocr_line' id='line_1_21' title="bbox 148 1781 1969 1821; baseline -0.003 -2"><span class='ocrx_word' id='word_1_176' title='bbox 148 1796 216 1819; x_wconf 89' lang='lat' dir='ltr'>rem</span> <span class='ocrx_word' id='word_1_177' title='bbox 242 1786 376 1818; x_wconf 81' lang='lat' dir='ltr'>fratrem</span> <span class='ocrx_word' id='word_1_178' title='bbox 404 1786 575 1818; x_wconf 83' lang='lat' dir='ltr'>Aurelium</span> <span class='ocrx_word' id='word_1_179' title='bbox 602 1785 643 1817; x_wconf 89' lang='lat' dir='ltr'>de</span> <span class='ocrx_word' id='word_1_180' title='bbox 670 1783 801 1817; x_wconf 86' lang='lat' dir='ltr'>Candia</span> <span class='ocrx_word' id='word_1_181' title='bbox 838 1785 990 1816; x_wconf 88' lang='lat' dir='ltr'>eiusdem</span> <span class='ocrx_word' id='word_1_182' title='bbox 1017 1783 1157 1816; x_wconf 88' lang='lat' dir='ltr'>Ordinis</span> <span class='ocrx_word' id='word_1_183' title='bbox 1182 1786 1213 1815; x_wconf 91' lang='lat' dir='ltr'>et</span> <span class='ocrx_word' id='word_1_184' title='bbox 1239 1785 1318 1821; x_wconf 82' lang='lat' dir='ltr'>voti,</span> <span class='ocrx_word' id='word_1_185' title='bbox 1356 1793 1431 1815; x_wconf 89' lang='lat' dir='ltr'>cum</span> <span class='ocrx_word' id='word_1_186' title='bbox 1470 1783 1648 1814; x_wconf 88' lang='lat' dir='ltr'>Laurentio</span> <span class='ocrx_word' id='word_1_187' title='bbox 1674 1783 1714 1814; x_wconf 88' lang='lat' dir='ltr'>de</span> <span class='ocrx_word' id='word_1_188' title='bbox 1743 1781 1902 1815; x_wconf 78' lang='lat' dir='ltr'>Realibus</span> <span class='ocrx_word' id='word_1_189' title='bbox 1928 1782 1969 1813; x_wconf 86' lang='lat' dir='ltr'>de</span> 
     </span>
     <span class='ocr_line' id='line_1_22' title="bbox 150 1845 1969 1887; baseline -0.004 -6"><span class='ocrx_word' id='word_1_190' title='bbox 150 1847 294 1887; x_wconf 87' lang='lat' dir='ltr'>Candia‚</span> <span class='ocrx_word' id='word_1_191' title='bbox 320 1849 361 1880; x_wconf 91' lang='lat' dir='ltr'>de</span> <span class='ocrx_word' id='word_1_192' title='bbox 386 1849 487 1880; x_wconf 91' lang='lat' dir='ltr'>certis</span> <span class='ocrx_word' id='word_1_193' title='bbox 512 1848 660 1879; x_wconf 87' lang='lat' dir='ltr'>denariis</span> <span class='ocrx_word' id='word_1_194' title='bbox 686 1850 716 1879; x_wconf 90' lang='lat' dir='ltr'>et</span> <span class='ocrx_word' id='word_1_195' title='bbox 742 1848 838 1879; x_wconf 90' lang='lat' dir='ltr'>terris</span> <span class='ocrx_word' id='word_1_196' title='bbox 864 1847 986 1887; x_wconf 88' lang='lat' dir='ltr'>positis</span> <span class='ocrx_word' id='word_1_197' title='bbox 1013 1847 1043 1878; x_wconf 92' lang='lat' dir='ltr'>in</span> <span class='ocrx_word' id='word_1_198' title='bbox 1072 1847 1236 1878; x_wconf 90' lang='lat' dir='ltr'>territorio</span> <span class='ocrx_word' id='word_1_199' title='bbox 1272 1845 1425 1878; x_wconf 84' lang='lat' dir='ltr'>Candiae</span> <span class='ocrx_word' id='word_1_200' title='bbox 1463 1845 1677 1882; x_wconf 84' lang='lat' dir='ltr'>Lomellinae,</span> <span class='ocrx_word' id='word_1_201' title='bbox 1704 1846 1802 1885; x_wconf 89' lang='lat' dir='ltr'>prout</span> <span class='ocrx_word' id='word_1_202' title='bbox 1828 1846 1969 1884; x_wconf 85' lang='lat' dir='ltr'>apparet</span> 
     </span>
     <span class='ocr_line' id='line_1_23' title="bbox 150 1906 1969 1951; baseline -0.003 -9"><span class='ocrx_word' id='word_1_203' title='bbox 150 1920 210 1951; x_wconf 94' lang='lat' dir='ltr'>per</span> <span class='ocrx_word' id='word_1_204' title='bbox 235 1911 492 1942; x_wconf 87' lang='lat' dir='ltr'>instrumentum</span> <span class='ocrx_word' id='word_1_205' title='bbox 521 1912 672 1951; x_wconf 86' lang='lat' dir='ltr'>rogatum</span> <span class='ocrx_word' id='word_1_206' title='bbox 700 1918 758 1950; x_wconf 91' lang='lat' dir='ltr'>per</span> <span class='ocrx_word' id='word_1_207' title='bbox 784 1908 823 1940; x_wconf 94' lang='lat' dir='ltr'>D.</span> <span class='ocrx_word' id='word_1_208' title='bbox 851 1909 894 1940; x_wconf 91' lang='lat' dir='ltr'>lo.</span> <span class='ocrx_word' id='word_1_209' title='bbox 922 1909 1095 1940; x_wconf 82' lang='lat' dir='ltr'>Albertum</span> <span class='ocrx_word' id='word_1_210' title='bbox 1122 1909 1162 1939; x_wconf 89' lang='lat' dir='ltr'>de</span> <span class='ocrx_word' id='word_1_211' title='bbox 1196 1908 1357 1939; x_wconf 84' lang='lat' dir='ltr'>Morasco</span> <span class='ocrx_word' id='word_1_212' title='bbox 1395 1908 1560 1938; x_wconf 88' lang='lat' dir='ltr'>notarium</span> <span class='ocrx_word' id='word_1_213' title='bbox 1599 1907 1797 1947; x_wconf 86' lang='lat' dir='ltr'>papiensem</span> <span class='ocrx_word' id='word_1_214' title='bbox 1825 1906 1889 1937; x_wconf 88' lang='lat' dir='ltr'>sub</span> <span class='ocrx_word' id='word_1_215' title='bbox 1916 1906 1969 1937; x_wconf 92' lang='lat' dir='ltr'>die</span> 
     </span>
     <span class='ocr_line' id='line_1_24' title="bbox 147 1968 1971 2012; baseline -0.003 -8"><span class='ocrx_word' id='word_1_216' title='bbox 147 1971 194 2012; x_wconf 82' lang='lat' dir='ltr'>(ln</span> <span class='ocrx_word' id='word_1_217' title='bbox 220 1970 355 2011; x_wconf 82' lang='lat' dir='ltr'>bianco)</span> <span class='ocrx_word' id='word_1_218' title='bbox 380 1973 507 2004; x_wconf 87' lang='lat' dir='ltr'>mensis</span> <span class='ocrx_word' id='word_1_219' title='bbox 533 1973 653 2009; x_wconf 87' lang='lat' dir='ltr'>martii,</span> <span class='ocrx_word' id='word_1_220' title='bbox 680 1972 726 2003; x_wconf 83' lang='lat' dir='ltr'>M.</span> <span class='ocrx_word' id='word_1_221' title='bbox 753 1970 792 2002; x_wconf 92' lang='lat' dir='ltr'>D.</span> <span class='ocrx_word' id='word_1_222' title='bbox 821 1970 953 2002; x_wconf 91' lang='lat' dir='ltr'><strong>XXXV.</strong></span> <span class='ocrx_word' id='word_1_223' title='bbox 980 1971 1012 2002; x_wconf 94' lang='lat' dir='ltr'>In</span> <span class='ocrx_word' id='word_1_224' title='bbox 1039 1979 1182 2010; x_wconf 82' lang='lat' dir='ltr'>quorum</span> <span class='ocrx_word' id='word_1_225' title='bbox 1209 1970 1308 2001; x_wconf 86' lang='lat' dir='ltr'>tidem</span> <span class='ocrx_word' id='word_1_226' title='bbox 1334 1970 1404 2000; x_wconf 76' lang='lat' dir='ltr'>fieri</span> <span class='ocrx_word' id='word_1_227' title='bbox 1432 1970 1492 2000; x_wconf 77' lang='lat' dir='ltr'>lias</span> <span class='ocrx_word' id='word_1_228' title='bbox 1519 1969 1692 2006; x_wconf 85' lang='lat' dir='ltr'>iussimus,</span> <span class='ocrx_word' id='word_1_229' title='bbox 1718 1977 1844 2008; x_wconf 80' lang='lat' dir='ltr'>easque</span> <span class='ocrx_word' id='word_1_230' title='bbox 1871 1968 1971 1998; x_wconf 87' lang='lat' dir='ltr'>robo-</span> 
     </span>
     <span class='ocr_line' id='line_1_25' title="bbox 149 2029 1967 2075; baseline -0.003 -9"><span class='ocrx_word' id='word_1_231' title='bbox 149 2035 299 2066; x_wconf 88' lang='lat' dir='ltr'>ravimus</span> <span class='ocrx_word' id='word_1_232' title='bbox 325 2034 438 2075; x_wconf 86' lang='lat' dir='ltr'>sigillo</span> <span class='ocrx_word' id='word_1_233' title='bbox 464 2033 561 2065; x_wconf 74' lang='lat' dir='ltr'>offitii</span> <span class='ocrx_word' id='word_1_234' title='bbox 588 2034 693 2065; x_wconf 89' lang='lat' dir='ltr'>nostri</span> <span class='ocrx_word' id='word_1_235' title='bbox 711 2030 773 2073; x_wconf 86' lang='lat'>(2).</span> <span class='ocrx_word' id='word_1_236' title='bbox 811 2032 886 2064; x_wconf 86' lang='lat' dir='ltr'>Dat.</span> <span class='ocrx_word' id='word_1_237' title='bbox 914 2032 1050 2073; x_wconf 79' lang='lat' dir='ltr'>Papiae,</span> <span class='ocrx_word' id='word_1_238' title='bbox 1077 2033 1108 2063; x_wconf 91' lang='lat' dir='ltr'>in</span> <span class='ocrx_word' id='word_1_239' title='bbox 1136 2030 1311 2064; x_wconf 86' lang='lat' dir='ltr'>Caenobio</span> <span class='ocrx_word' id='word_1_240' title='bbox 1349 2032 1456 2063; x_wconf 88' lang='lat' dir='ltr'>sancti</span> <span class='ocrx_word' id='word_1_241' title='bbox 1484 2030 1677 2071; x_wconf 80' lang='lat' dir='ltr'>Augustini,</span> <span class='ocrx_word' id='word_1_242' title='bbox 1711 2039 1799 2061; x_wconf 89' lang='lat' dir='ltr'>anno</span> <span class='ocrx_word' id='word_1_243' title='bbox 1833 2029 1967 2060; x_wconf 87' lang='lat' dir='ltr'>Domini</span> 
     </span>
     <span class='ocr_line' id='line_1_26' title="bbox 149 2091 1970 2135; baseline -0.003 -7"><span class='ocrx_word' id='word_1_244' title='bbox 149 2096 197 2128; x_wconf 90' lang='lat' dir='ltr'>M.</span> <span class='ocrx_word' id='word_1_245' title='bbox 223 2096 263 2128; x_wconf 85' lang='lat' dir='ltr'>D.</span> <span class='ocrx_word' id='word_1_246' title='bbox 290 2095 423 2135; x_wconf 87' lang='lat' dir='ltr'><strong>XXXV,</strong></span> <span class='ocrx_word' id='word_1_247' title='bbox 449 2096 502 2128; x_wconf 87' lang='lat' dir='ltr'>die</span> <span class='ocrx_word' id='word_1_248' title='bbox 529 2104 616 2127; x_wconf 90' lang='lat' dir='ltr'>nona</span> <span class='ocrx_word' id='word_1_249' title='bbox 644 2095 736 2127; x_wconf 89' lang='lat' dir='ltr'>lunii.</span> <span class='ocrx_word' id='word_1_250' title='bbox 764 2095 874 2127; x_wconf 82' lang='lat' dir='ltr'>Frater</span> <span class='ocrx_word' id='word_1_251' title='bbox 900 2095 1095 2126; x_wconf 90' lang='lat' dir='ltr'>Lactantius</span> <span class='ocrx_word' id='word_1_252' title='bbox 1132 2095 1174 2126; x_wconf 92' lang='lat' dir='ltr'>de</span> <span class='ocrx_word' id='word_1_253' title='bbox 1214 2093 1385 2125; x_wconf 88' lang='lat' dir='ltr'>Placentia</span> <span class='ocrx_word' id='word_1_254' title='bbox 1422 2093 1655 2134; x_wconf 78' lang='lat' dir='ltr'>theologorum</span> <span class='ocrx_word' id='word_1_255' title='bbox 1694 2093 1863 2129; x_wconf 72' lang='lat' dir='ltr'>minimus,</span> <span class='ocrx_word' id='word_1_256' title='bbox 1890 2091 1970 2122; x_wconf 89' lang='lat' dir='ltr'>Pro—</span> 
     </span>
     <span class='ocr_line' id='line_1_27' title="bbox 148 2155 1534 2198; baseline -0.004 -8"><span class='ocrx_word' id='word_1_257' title='bbox 148 2159 305 2190; x_wconf 90' lang='lat' dir='ltr'>vincialis</span> <span class='ocrx_word' id='word_1_258' title='bbox 331 2159 441 2189; x_wconf 92' lang='lat' dir='ltr'>tocius</span> <span class='ocrx_word' id='word_1_259' title='bbox 467 2158 636 2198; x_wconf 87' lang='lat' dir='ltr'>provintie</span> <span class='ocrx_word' id='word_1_260' title='bbox 663 2157 874 2193; x_wconf 88' lang='lat' dir='ltr'>Lombardie,</span> <span class='ocrx_word' id='word_1_261' title='bbox 902 2157 1034 2188; x_wconf 72' lang='lat' dir='ltr'>affirmo</span> <span class='ocrx_word' id='word_1_262' title='bbox 1060 2158 1093 2188; x_wconf 88' lang='lat' dir='ltr'>ut</span> <span class='ocrx_word' id='word_1_263' title='bbox 1119 2165 1234 2197; x_wconf 84' lang='lat' dir='ltr'>supra,</span> <span class='ocrx_word' id='word_1_264' title='bbox 1261 2164 1360 2186; x_wconf 92' lang='lat' dir='ltr'>rnanu</span> <span class='ocrx_word' id='word_1_265' title='bbox 1389 2155 1534 2195; x_wconf 89' lang='lat' dir='ltr'>propria.</span> 
     </span>
    </p>
   </div>
   <div class='ocr_carea' id='block_1_11' title="bbox 152 2313 1036 2831">
    <p class='ocr_par' dir='ltr' id='par_1_11' title="bbox 152 2313 1036 2831">
     <span class='ocr_line' id='line_1_28' title="bbox 205 2313 1031 2341; baseline -0.002 -5"><span class='ocrx_word' id='word_1_266' title='bbox 205 2315 236 2339; x_wconf 82' lang='lat'>(1)</span> <span class='ocrx_word' id='word_1_267' title='bbox 251 2315 269 2336; x_wconf 82' lang='grc' dir='ltr'>Α</span> <span class='ocrx_word' id='word_1_268' title='bbox 285 2318 370 2341; x_wconf 73' lang='lat' dir='ltr'>quesn)</span> <span class='ocrx_word' id='word_1_269' title='bbox 385 2315 526 2335; x_wconf 81' lang='lat' dir='ltr'>documento</span> <span class='ocrx_word' id='word_1_270' title='bbox 542 2314 560 2335; x_wconf 82' lang='lat' dir='ltr'>si</span> <span class='ocrx_word' id='word_1_271' title='bbox 577 2313 679 2335; x_wconf 77' lang='lat' dir='ltr'>riierisce</span> <span class='ocrx_word' id='word_1_272' title='bbox 695 2314 708 2334; x_wconf 93' lang='lat' dir='ltr'>il</span> <span class='ocrx_word' id='word_1_273' title='bbox 724 2315 844 2339; x_wconf 81' lang='lat' dir='ltr'>seguente,</span> <span class='ocrx_word' id='word_1_274' title='bbox 861 2314 901 2335; x_wconf 81' lang='lat' dir='ltr'>elie</span> <span class='ocrx_word' id='word_1_275' title='bbox 917 2313 928 2334; x_wconf 79' lang='grc' dir='ltr'>ὲ</span> <span class='ocrx_word' id='word_1_276' title='bbox 940 2319 983 2339; x_wconf 89' lang='lat' dir='ltr'>pur</span> <span class='ocrx_word' id='word_1_277' title='bbox 998 2313 1031 2334; x_wconf 84' lang='lat' dir='ltr'>ira</span> 
     </span>
     <span class='ocr_line' id='line_1_29' title="bbox 153 2359 1034 2387; baseline -0.002 -6"><span class='ocrx_word' id='word_1_278' title='bbox 153 2360 183 2387; x_wconf 76' lang='lat' dir='ltr'>gli</span> <span class='ocrx_word' id='word_1_279' title='bbox 199 2361 241 2381; x_wconf 84' lang='lat' dir='ltr'>atti</span> <span class='ocrx_word' id='word_1_280' title='bbox 257 2361 292 2381; x_wconf 87' lang='lat' dir='ltr'>del</span> <span class='ocrx_word' id='word_1_281' title='bbox 309 2360 389 2381; x_wconf 83' lang='lat' dir='ltr'>notaio</span> <span class='ocrx_word' id='word_1_282' title='bbox 405 2360 502 2381; x_wconf 84' lang='lat' dir='ltr'>Gualla:</span> <span class='ocrx_word' id='word_1_283' title='bbox 521 2359 579 2385; x_wconf 80' lang='lat'>1535,</span> <span class='ocrx_word' id='word_1_284' title='bbox 594 2359 620 2380; x_wconf 83' lang='lat'>23</span> <span class='ocrx_word' id='word_1_285' title='bbox 635 2360 729 2384; x_wconf 77' lang='lat' dir='ltr'>agusto,</span> <span class='ocrx_word' id='word_1_286' title='bbox 754 2359 798 2379; x_wconf 88' lang='lat' dir='ltr'>snb</span> <span class='ocrx_word' id='word_1_287' title='bbox 814 2359 905 2384; x_wconf 88' lang='lat' dir='ltr'>porticu</span> <span class='ocrx_word' id='word_1_288' title='bbox 921 2360 944 2379; x_wconf 81' lang='lat' dir='ltr'>et</span> <span class='ocrx_word' id='word_1_289' title='bbox 960 2364 1034 2384; x_wconf 86' lang='lat' dir='ltr'>prope</span> 
     </span>
     <span class='ocr_line' id='line_1_30' title="bbox 152 2403 1032 2431; baseline -0.002 -5"><span class='ocrx_word' id='word_1_290' title='bbox 152 2407 244 2431; x_wconf 83' lang='lat' dir='ltr'>portam</span> <span class='ocrx_word' id='word_1_291' title='bbox 260 2405 288 2426; x_wconf 84' lang='lat' dir='ltr'>de</span> <span class='ocrx_word' id='word_1_292' title='bbox 304 2405 380 2426; x_wconf 87' lang='lat' dir='ltr'>medio</span> <span class='ocrx_word' id='word_1_293' title='bbox 397 2405 530 2425; x_wconf 82' lang='lat' dir='ltr'>monasterii</span> <span class='ocrx_word' id='word_1_294' title='bbox 547 2404 621 2425; x_wconf 80' lang='lat' dir='ltr'>sancti</span> <span class='ocrx_word' id='word_1_295' title='bbox 638 2403 770 2429; x_wconf 79' lang='lat' dir='ltr'>Augustini.</span> <span class='ocrx_word' id='word_1_296' title='bbox 794 2403 843 2424; x_wconf 85' lang='lat' dir='ltr'>Alla</span> <span class='ocrx_word' id='word_1_297' title='bbox 867 2409 980 2429; x_wconf 81' lang='lat' dir='ltr'>presenza</span> <span class='ocrx_word' id='word_1_298' title='bbox 996 2403 1032 2424; x_wconf 89' lang='lat' dir='ltr'>dei</span> 
     </span>
     <span class='ocr_line' id='line_1_31' title="bbox 153 2447 1036 2475; baseline -0.003 -4"><span class='ocrx_word' id='word_1_299' title='bbox 153 2450 278 2471; x_wconf 79' lang='lat' dir='ltr'>necessarii</span> <span class='ocrx_word' id='word_1_300' title='bbox 295 2449 422 2475; x_wconf 85' lang='lat' dir='ltr'>testimoni,</span> <span class='ocrx_word' id='word_1_301' title='bbox 439 2449 581 2470; x_wconf 82' lang='lat' dir='ltr'>reverendus</span> <span class='ocrx_word' id='word_1_302' title='bbox 590 2448 781 2474; x_wconf 75' lang='lat' dir='ltr'>sacretlieologie</span> <span class='ocrx_word' id='word_1_303' title='bbox 797 2447 917 2474; x_wconf 75' lang='lat' dir='ltr'>professor</span> <span class='ocrx_word' id='word_1_304' title='bbox 928 2447 1036 2468; x_wconf 86' lang='lat' dir='ltr'>dominus</span> 
     </span>
     <span class='ocr_line' id='line_1_32' title="bbox 153 2492 1034 2518; baseline -0.003 -3"><span class='ocrx_word' id='word_1_305' title='bbox 153 2494 224 2515; x_wconf 80' lang='lat' dir='ltr'>frater</span> <span class='ocrx_word' id='word_1_306' title='bbox 240 2494 376 2515; x_wconf 77' lang='lat' dir='ltr'>Adeodatus</span> <span class='ocrx_word' id='word_1_307' title='bbox 392 2494 420 2515; x_wconf 83' lang='lat' dir='ltr'>de</span> <span class='ocrx_word' id='word_1_308' title='bbox 433 2494 541 2515; x_wconf 79' lang='lat' dir='ltr'>Fivizano</span> <span class='ocrx_word' id='word_1_309' title='bbox 553 2493 643 2514; x_wconf 80' lang='lat' dir='ltr'>Prior...</span> <span class='ocrx_word' id='word_1_310' title='bbox 654 2493 703 2513; x_wconf 85' lang='lat' dir='ltr'>visa</span> <span class='ocrx_word' id='word_1_311' title='bbox 715 2493 863 2513; x_wconf 82' lang='lat' dir='ltr'>intimacinne</span> <span class='ocrx_word' id='word_1_312' title='bbox 881 2492 962 2513; x_wconf 87' lang='lat' dir='ltr'>Brevis</span> <span class='ocrx_word' id='word_1_313' title='bbox 973 2492 1034 2518; x_wconf 75' lang='lat' dir='ltr'>Apo-</span> 
     </span>
     <span class='ocr_line' id='line_1_33' title="bbox 153 2536 1035 2565; baseline -0.003 -5"><span class='ocrx_word' id='word_1_314' title='bbox 153 2539 256 2560; x_wconf 86' lang='lat' dir='ltr'>stolici...</span> <span class='ocrx_word' id='word_1_315' title='bbox 273 2544 313 2560; x_wconf 88' lang='lat' dir='ltr'>uec</span> <span class='ocrx_word' id='word_1_316' title='bbox 329 2545 373 2560; x_wconf 85' lang='lat' dir='ltr'>non</span> <span class='ocrx_word' id='word_1_317' title='bbox 389 2541 411 2559; x_wconf 88' lang='lat' dir='ltr'>et</span> <span class='ocrx_word' id='word_1_318' title='bbox 428 2539 582 2565; x_wconf 84' lang='lat' dir='ltr'>requisicione</span> <span class='ocrx_word' id='word_1_319' title='bbox 598 2538 641 2559; x_wconf 90' lang='lat' dir='ltr'>sibi</span> <span class='ocrx_word' id='word_1_320' title='bbox 657 2537 718 2558; x_wconf 82' lang='lat' dir='ltr'>iacta</span> <span class='ocrx_word' id='word_1_321' title='bbox 735 2543 775 2563; x_wconf 88' lang='lat' dir='ltr'>per</span> <span class='ocrx_word' id='word_1_322' title='bbox 791 2536 905 2563; x_wconf 74' lang='lat' dir='ltr'>prefatum</span> <span class='ocrx_word' id='word_1_323' title='bbox 918 2537 1035 2557; x_wconf 89' lang='lat' dir='ltr'>dominum</span> 
     </span>
     <span class='ocr_line' id='line_1_34' title="bbox 153 2581 1034 2607; baseline -0.003 -3"><span class='ocrx_word' id='word_1_324' title='bbox 153 2583 247 2604; x_wconf 77' lang='lat' dir='ltr'>tratrem</span> <span class='ocrx_word' id='word_1_325' title='bbox 264 2583 407 2604; x_wconf 83' lang='lat' dir='ltr'>Aurelium...</span> <span class='ocrx_word' id='word_1_326' title='bbox 435 2583 552 2603; x_wconf 87' lang='lat' dir='ltr'>humiliter</span> <span class='ocrx_word' id='word_1_327' title='bbox 567 2584 589 2603; x_wconf 82' lang='lat' dir='ltr'>et</span> <span class='ocrx_word' id='word_1_328' title='bbox 606 2582 691 2603; x_wconf 87' lang='lat' dir='ltr'>devote</span> <span class='ocrx_word' id='word_1_329' title='bbox 716 2583 833 2607; x_wconf 77' lang='lat' dir='ltr'>petentem</span> <span class='ocrx_word' id='word_1_330' title='bbox 859 2581 902 2602; x_wconf 84' lang='lat' dir='ltr'>sibi</span> <span class='ocrx_word' id='word_1_331' title='bbox 928 2587 968 2606; x_wconf 85' lang='lat' dir='ltr'>per</span> <span class='ocrx_word' id='word_1_332' title='bbox 984 2586 1034 2606; x_wconf 92' lang='lat' dir='ltr'>pre-</span> 
     </span>
     <span class='ocr_line' id='line_1_35' title="bbox 153 2625 1035 2653; baseline -0.003 -4"><span class='ocrx_word' id='word_1_333' title='bbox 153 2628 241 2649; x_wconf 86' lang='lat' dir='ltr'>dictum</span> <span class='ocrx_word' id='word_1_334' title='bbox 257 2627 376 2649; x_wconf 89' lang='lat' dir='ltr'>domiuum</span> <span class='ocrx_word' id='word_1_335' title='bbox 393 2627 495 2648; x_wconf 85' lang='lat' dir='ltr'>Priorem</span> <span class='ocrx_word' id='word_1_336' title='bbox 512 2627 624 2653; x_wconf 84' lang='lat' dir='ltr'>impartiri</span> <span class='ocrx_word' id='word_1_337' title='bbox 641 2626 757 2647; x_wconf 84' lang='lat' dir='ltr'>licentiam</span> <span class='ocrx_word' id='word_1_338' title='bbox 773 2625 801 2646; x_wconf 86' lang='lat' dir='ltr'>de</span> <span class='ocrx_word' id='word_1_339' title='bbox 817 2631 862 2651; x_wconf 80' lang='lat' dir='ltr'>qua</span> <span class='ocrx_word' id='word_1_340' title='bbox 879 2626 900 2646; x_wconf 92' lang='lat' dir='ltr'>in</span> <span class='ocrx_word' id='word_1_341' title='bbox 916 2625 985 2646; x_wconf 78' lang='lat' dir='ltr'>dictis</span> <span class='ocrx_word' id='word_1_342' title='bbox 1000 2625 1035 2646; x_wconf 92' lang='lat' dir='ltr'>lit-</span> 
     </span>
     <span class='ocr_line' id='line_1_36' title="bbox 154 2670 1034 2697; baseline -0.003 -4"><span class='ocrx_word' id='word_1_343' title='bbox 154 2673 210 2693; x_wconf 85' lang='lat' dir='ltr'>teris</span> <span class='ocrx_word' id='word_1_344' title='bbox 225 2674 247 2693; x_wconf 81' lang='lat' dir='ltr'>et</span> <span class='ocrx_word' id='word_1_345' title='bbox 264 2673 333 2693; x_wconf 79' lang='lat' dir='ltr'>breve</span> <span class='ocrx_word' id='word_1_346' title='bbox 347 2672 500 2697; x_wconf 82' lang='lat' dir='ltr'>apostolicis;</span> <span class='ocrx_word' id='word_1_347' title='bbox 517 2671 620 2697; x_wconf 85' lang='lat' dir='ltr'>visisque</span> <span class='ocrx_word' id='word_1_348' title='bbox 636 2672 658 2692; x_wconf 86' lang='lat' dir='ltr'>et</span> <span class='ocrx_word' id='word_1_349' title='bbox 674 2676 725 2692; x_wconf 84' lang='lat' dir='ltr'>cum</span> <span class='ocrx_word' id='word_1_350' title='bbox 742 2671 820 2691; x_wconf 80' lang='lat' dir='ltr'>debita</span> <span class='ocrx_word' id='word_1_351' title='bbox 833 2676 878 2696; x_wconf 86' lang='lat' dir='ltr'>qua</span> <span class='ocrx_word' id='word_1_352' title='bbox 892 2670 959 2691; x_wconf 81' lang='lat' dir='ltr'>decet</span> <span class='ocrx_word' id='word_1_353' title='bbox 971 2675 1034 2691; x_wconf 84' lang='lat' dir='ltr'>reve-</span> 
     </span>
     <span class='ocr_line' id='line_1_37' title="bbox 155 2714 1033 2741; baseline -0.002 -4"><span class='ocrx_word' id='word_1_354' title='bbox 155 2716 228 2738; x_wconf 84' lang='lat' dir='ltr'>rentia</span> <span class='ocrx_word' id='word_1_355' title='bbox 244 2716 310 2737; x_wconf 84' lang='lat' dir='ltr'>lectis</span> <span class='ocrx_word' id='word_1_356' title='bbox 326 2718 348 2737; x_wconf 88' lang='lat' dir='ltr'>et</span> <span class='ocrx_word' id='word_1_357' title='bbox 365 2716 487 2741; x_wconf 81' lang='lat' dir='ltr'>diligenter</span> <span class='ocrx_word' id='word_1_358' title='bbox 503 2715 658 2737; x_wconf 83' lang='lat' dir='ltr'>consideratis</span> <span class='ocrx_word' id='word_1_359' title='bbox 673 2715 731 2741; x_wconf 84' lang='lat' dir='ltr'>ipsis</span> <span class='ocrx_word' id='word_1_360' title='bbox 746 2715 865 2736; x_wconf 77' lang='lat' dir='ltr'>litteris...</span> <span class='ocrx_word' id='word_1_361' title='bbox 892 2715 956 2740; x_wconf 84' lang='lat' dir='ltr'>prius</span> <span class='ocrx_word' id='word_1_362' title='bbox 972 2714 1033 2735; x_wconf 81' lang='lat' dir='ltr'>tacta</span> 
     </span>
     <span class='ocr_line' id='line_1_38' title="bbox 155 2758 1035 2786; baseline -0.002 -5"><span class='ocrx_word' id='word_1_363' title='bbox 155 2760 235 2782; x_wconf 79' lang='lat' dir='ltr'>debita</span> <span class='ocrx_word' id='word_1_364' title='bbox 251 2760 378 2781; x_wconf 85' lang='lat' dir='ltr'>monitione</span> <span class='ocrx_word' id='word_1_365' title='bbox 394 2759 486 2786; x_wconf 79' lang='lat' dir='ltr'>prelato</span> <span class='ocrx_word' id='word_1_366' title='bbox 502 2760 596 2781; x_wconf 92' lang='lat' dir='ltr'>domino</span> <span class='ocrx_word' id='word_1_367' title='bbox 621 2759 684 2780; x_wconf 83' lang='lat' dir='ltr'>tratri</span> <span class='ocrx_word' id='word_1_368' title='bbox 710 2759 803 2780; x_wconf 81' lang='lat' dir='ltr'>Aurelio</span> <span class='ocrx_word' id='word_1_369' title='bbox 819 2759 911 2780; x_wconf 87' lang='lat' dir='ltr'>vivendi</span> <span class='ocrx_word' id='word_1_370' title='bbox 928 2759 952 2779; x_wconf 83' lang='lat' dir='ltr'>ut</span> <span class='ocrx_word' id='word_1_371' title='bbox 968 2758 1035 2779; x_wconf 83' lang='lat' dir='ltr'>decet</span> 
     </span>
     <span class='ocr_line' id='line_1_39' title="bbox 156 2802 1032 2831; baseline -0.002 -6"><span class='ocrx_word' id='word_1_372' title='bbox 156 2805 231 2825; x_wconf 87' lang='lat' dir='ltr'>bonos</span> <span class='ocrx_word' id='word_1_373' title='bbox 246 2804 368 2831; x_wconf 84' lang='lat' dir='ltr'>religiosos</span> <span class='ocrx_word' id='word_1_374' title='bbox 382 2806 446 2825; x_wconf 80' lang='lat' dir='ltr'>extra</span> <span class='ocrx_word' id='word_1_375' title='bbox 462 2804 549 2825; x_wconf 86' lang='lat' dir='ltr'>dictum</span> <span class='ocrx_word' id='word_1_376' title='bbox 565 2803 758 2824; x_wconf 86' lang='lat' dir='ltr'>monasterium...</span> <span class='ocrx_word' id='word_1_377' title='bbox 774 2803 889 2824; x_wconf 80' lang='lat' dir='ltr'>licentiam</span> <span class='ocrx_word' id='word_1_378' title='bbox 905 2802 934 2823; x_wconf 86' lang='lat' dir='ltr'>de</span> <span class='ocrx_word' id='word_1_379' title='bbox 950 2808 995 2829; x_wconf 87' lang='lat' dir='ltr'>qua</span> <span class='ocrx_word' id='word_1_380' title='bbox 1011 2803 1032 2823; x_wconf 91' lang='lat' dir='ltr'>in</span> 
     </span>
    </p>
   </div>
   <div class='ocr_carea' id='block_1_12' title="bbox 156 2847 1032 2875">
    <p class='ocr_par' dir='ltr' id='par_1_12' title="bbox 156 2847 1032 2875">
     <span class='ocr_line' id='line_1_40' title="bbox 156 2847 1032 2875; baseline -0.003 -5"><span class='ocrx_word' id='word_1_381' title='bbox 156 2848 269 2875; x_wconf 85' lang='lat' dir='ltr'>predictis</span> <span class='ocrx_word' id='word_1_382' title='bbox 284 2849 394 2870; x_wconf 83' lang='lat' dir='ltr'>litteris...</span> <span class='ocrx_word' id='word_1_383' title='bbox 421 2848 555 2875; x_wconf 80' lang='lat' dir='ltr'>impartitus</span> <span class='ocrx_word' id='word_1_384' title='bbox 571 2848 613 2869; x_wconf 79' lang='grc'>11111</span> <span class='ocrx_word' id='word_1_385' title='bbox 629 2850 651 2870; x_wconf 84' lang='lat' dir='ltr'>et</span> <span class='ocrx_word' id='word_1_386' title='bbox 667 2848 827 2874; x_wconf 71' lang='lat' dir='ltr'>impartitur...</span> <span class='ocrx_word' id='word_1_387' title='bbox 844 2848 865 2868; x_wconf 93' lang='lat' dir='ltr'>in</span> <span class='ocrx_word' id='word_1_388' title='bbox 882 2847 925 2868; x_wconf 81' lang='lat' dir='ltr'>luis</span> <span class='ocrx_word' id='word_1_389' title='bbox 941 2848 1032 2868; x_wconf 84' lang='lat' dir='ltr'>tantum</span> 
     </span>
    </p>
   </div>
   <div class='ocr_carea' id='block_1_13' title="bbox 1086 2309 1968 2867">
    <p class='ocr_par' dir='ltr' id='par_1_13' title="bbox 1088 2309 1966 2382">
     <span class='ocr_line' id='line_1_41' title="bbox 1088 2309 1966 2339; baseline -0.006 -5"><span class='ocrx_word' id='word_1_390' title='bbox 1088 2318 1132 2339; x_wconf 83' lang='lat' dir='ltr'>que</span> <span class='ocrx_word' id='word_1_391' title='bbox 1147 2312 1176 2333; x_wconf 84' lang='lat' dir='ltr'>ad</span> <span class='ocrx_word' id='word_1_392' title='bbox 1193 2312 1308 2338; x_wconf 69' lang='lat' dir='ltr'>prefatum</span> <span class='ocrx_word' id='word_1_393' title='bbox 1326 2311 1455 2332; x_wconf 81' lang='lat' dir='ltr'>Prioratuni</span> <span class='ocrx_word' id='word_1_394' title='bbox 1472 2311 1635 2337; x_wconf 72' lang='lat' dir='ltr'>prefatumque</span> <span class='ocrx_word' id='word_1_395' title='bbox 1651 2311 1768 2331; x_wconf 87' lang='lat' dir='ltr'>dominum</span> <span class='ocrx_word' id='word_1_396' title='bbox 1790 2309 1892 2331; x_wconf 83' lang='lat' dir='ltr'>Priorem</span> <span class='ocrx_word' id='word_1_397' title='bbox 1914 2315 1966 2335; x_wconf 78' lang='lat' dir='ltr'>spe·</span> 
     </span>
     <span class='ocr_line' id='line_1_42' title="bbox 1088 2356 1510 2382; baseline -0.007 -4"><span class='ocrx_word' id='word_1_398' title='bbox 1088 2358 1152 2378; x_wconf 82' lang='lat' dir='ltr'>etant</span> <span class='ocrx_word' id='word_1_399' title='bbox 1168 2358 1190 2378; x_wconf 84' lang='lat' dir='ltr'>et</span> <span class='ocrx_word' id='word_1_400' title='bbox 1206 2356 1322 2382; x_wconf 84' lang='lat' dir='ltr'>pertinent</span> <span class='ocrx_word' id='word_1_401' title='bbox 1339 2357 1361 2376; x_wconf 84' lang='lat' dir='ltr'>et</span> <span class='ocrx_word' id='word_1_402' title='bbox 1377 2361 1421 2376; x_wconf 87' lang='lat' dir='ltr'>non</span> <span class='ocrx_word' id='word_1_403' title='bbox 1443 2356 1510 2376; x_wconf 73' lang='lat' dir='ltr'>ultrn.</span> 
     </span>
    </p>

    <p class='ocr_par' dir='ltr' id='par_1_14' title="bbox 1089 2398 1967 2602">
     <span class='ocr_line' id='line_1_43' title="bbox 1140 2398 1966 2426; baseline -0.004 -5"><span class='ocrx_word' id='word_1_404' title='bbox 1140 2400 1170 2425; x_wconf 51' lang='lat'>(2¹</span> <span class='ocrx_word' id='word_1_405' title='bbox 1190 2401 1204 2421; x_wconf 92' lang='lat' dir='ltr'>ll</span> <span class='ocrx_word' id='word_1_406' title='bbox 1220 2401 1397 2426; x_wconf 69' lang='lat' dir='ltr'>sigi&#39;lo,ancora</span> <span class='ocrx_word' id='word_1_407' title='bbox 1408 2400 1450 2420; x_wconf 85' lang='lat' dir='ltr'>ben</span> <span class='ocrx_word' id='word_1_408' title='bbox 1459 2400 1598 2420; x_wconf 84' lang='lat' dir='ltr'>conservato</span> <span class='ocrx_word' id='word_1_409' title='bbox 1615 2398 1795 2425; x_wconf 80' lang='lat' dir='ltr'>nell&#39;originalc,</span> <span class='ocrx_word' id='word_1_410' title='bbox 1811 2398 1876 2419; x_wconf 74' lang='lat' dir='ltr'>none</span> <span class='ocrx_word' id='word_1_411' title='bbox 1888 2398 1966 2423; x_wconf 86' lang='lat' dir='ltr'>quello</span> 
     </span>
     <span class='ocr_line' id='line_1_44' title="bbox 1091 2441 1965 2469; baseline -0.005 -3"><span class='ocrx_word' id='word_1_412' title='bbox 1091 2445 1232 2466; x_wconf 77' lang='lat' dir='ltr'>dcll&#39;uttieio</span> <span class='ocrx_word' id='word_1_413' title='bbox 1248 2445 1284 2465; x_wconf 76' lang='lat' dir='ltr'>dcl</span> <span class='ocrx_word' id='word_1_414' title='bbox 1301 2444 1453 2466; x_wconf 80' lang='lat' dir='ltr'>Provinciale.</span> <span class='ocrx_word' id='word_1_415' title='bbox 1480 2449 1515 2464; x_wconf 73' lang='lat' dir='ltr'>iun</span> <span class='ocrx_word' id='word_1_416' title='bbox 1540 2444 1617 2469; x_wconf 83' lang='lat' dir='ltr'>quello</span> <span class='ocrx_word' id='word_1_417' title='bbox 1640 2443 1727 2464; x_wconf 86' lang='lat' dir='ltr'>minore</span> <span class='ocrx_word' id='word_1_418' title='bbox 1752 2442 1787 2463; x_wconf 86' lang='lat' dir='ltr'>del</span> <span class='ocrx_word' id='word_1_419' title='bbox 1813 2443 1928 2463; x_wconf 80' lang='lat' dir='ltr'>convento</span> <span class='ocrx_word' id='word_1_420' title='bbox 1943 2441 1965 2462; x_wconf 83' lang='lat' dir='ltr'>di</span> 
     </span>
     <span class='ocr_line' id='line_1_45' title="bbox 1089 2482 1966 2515; baseline -0.005 -5"><span class='ocrx_word' id='word_1_421' title='bbox 1089 2489 1111 2511; x_wconf 89' lang='lat' dir='ltr'>S.</span> <span class='ocrx_word' id='word_1_422' title='bbox 1128 2489 1249 2515; x_wconf 76' lang='lat' dir='ltr'>Agostino.</span> <span class='ocrx_word' id='word_1_423' title='bbox 1274 2482 1290 2509; x_wconf 77' lang='grc' dir='ltr'>Ε</span> <span class='ocrx_word' id='word_1_424' title='bbox 1315 2488 1412 2514; x_wconf 85' lang='lat' dir='ltr'>piccolo,</span> <span class='ocrx_word' id='word_1_425' title='bbox 1436 2487 1544 2513; x_wconf 77' lang='lat' dir='ltr'>rotundo,</span> <span class='ocrx_word' id='word_1_426' title='bbox 1561 2493 1572 2508; x_wconf 87' lang='lat' dir='ltr'>e</span> <span class='ocrx_word' id='word_1_427' title='bbox 1588 2493 1639 2508; x_wconf 82' lang='lat' dir='ltr'>reca</span> <span class='ocrx_word' id='word_1_428' title='bbox 1655 2487 1668 2507; x_wconf 95' lang='lat' dir='ltr'>il</span> <span class='ocrx_word' id='word_1_429' title='bbox 1685 2487 1755 2508; x_wconf 83' lang='lat' dir='ltr'>husto</span> <span class='ocrx_word' id='word_1_430' title='bbox 1775 2487 1796 2507; x_wconf 89' lang='lat' dir='ltr'>di</span> <span class='ocrx_word' id='word_1_431' title='bbox 1813 2486 1835 2507; x_wconf 79' lang='lat' dir='ltr'>S.</span> <span class='ocrx_word' id='word_1_432' title='bbox 1853 2486 1966 2512; x_wconf 77' lang='lat' dir='ltr'>Agostino</span> 
     </span>
     <span class='ocr_line' id='line_1_46' title="bbox 1092 2531 1967 2560; baseline -0.006 -5"><span class='ocrx_word' id='word_1_433' title='bbox 1092 2534 1178 2555; x_wconf 81' lang='lat' dir='ltr'>vestito</span> <span class='ocrx_word' id='word_1_434' title='bbox 1193 2533 1392 2560; x_wconf 77' lang='lat' dir='ltr'>pontificaunentc</span> <span class='ocrx_word' id='word_1_435' title='bbox 1408 2538 1419 2554; x_wconf 85' lang='lat' dir='ltr'>e</span> <span class='ocrx_word' id='word_1_436' title='bbox 1436 2532 1594 2553; x_wconf 75' lang='lat' dir='ltr'>benedicente.</span> <span class='ocrx_word' id='word_1_437' title='bbox 1620 2532 1646 2553; x_wconf 90' lang='grc' dir='ltr'>Α1</span> <span class='ocrx_word' id='word_1_438' title='bbox 1663 2532 1701 2553; x_wconf 84' lang='grc'>1311</span> <span class='ocrx_word' id='word_1_439' title='bbox 1718 2531 1777 2553; x_wconf 86' lang='lat' dir='ltr'>della</span> <span class='ocrx_word' id='word_1_440' title='bbox 1794 2531 1866 2557; x_wconf 78' lang='lat' dir='ltr'>ligura</span> <span class='ocrx_word' id='word_1_441' title='bbox 1882 2532 1967 2551; x_wconf 80' lang='lat' dir='ltr'>stanno</span> 
     </span>
     <span class='ocr_line' id='line_1_47' title="bbox 1089 2575 1938 2602; baseline -0.006 -2"><span class='ocrx_word' id='word_1_442' title='bbox 1089 2579 1108 2599; x_wconf 82' lang='lat' dir='ltr'>le</span> <span class='ocrx_word' id='word_1_443' title='bbox 1124 2578 1169 2599; x_wconf 82' lang='lat' dir='ltr'>due</span> <span class='ocrx_word' id='word_1_444' title='bbox 1184 2579 1266 2599; x_wconf 82' lang='lat' dir='ltr'>lettere</span> <span class='ocrx_word' id='word_1_445' title='bbox 1282 2577 1305 2597; x_wconf 84' lang='lat' dir='ltr'>S.</span> <span class='ocrx_word' id='word_1_446' title='bbox 1322 2578 1355 2599; x_wconf 82' lang='lat' dir='ltr'>A:</span> <span class='ocrx_word' id='word_1_447' title='bbox 1371 2583 1382 2598; x_wconf 86' lang='lat' dir='ltr'>e</span> <span class='ocrx_word' id='word_1_448' title='bbox 1398 2579 1462 2598; x_wconf 86' lang='lat' dir='ltr'>sotto</span> <span class='ocrx_word' id='word_1_449' title='bbox 1480 2578 1526 2596; x_wconf 86' lang='grc' dir='ltr'>ΡΡ.</span> <span class='ocrx_word' id='word_1_450' title='bbox 1542 2577 1654 2598; x_wconf 71' lang='lat' dir='ltr'>lSanctus</span> <span class='ocrx_word' id='word_1_451' title='bbox 1670 2577 1816 2602; x_wconf 69' lang='lat' dir='ltr'>Augustinus</span> <span class='ocrx_word' id='word_1_452' title='bbox 1832 2575 1938 2602; x_wconf 70' lang='lat' dir='ltr'>Papiae).</span> 
     </span>
    </p>

    <p class='ocr_par' dir='ltr' id='par_1_15' title="bbox 1086 2620 1968 2867">
     <span class='ocr_line' id='line_1_48' title="bbox 1143 2620 1965 2648; baseline -0.004 -5"><span class='ocrx_word' id='word_1_453' title='bbox 1143 2623 1166 2643; x_wconf 91' lang='lat' dir='ltr'>ln</span> <span class='ocrx_word' id='word_1_454' title='bbox 1182 2623 1297 2643; x_wconf 84' lang='lat' dir='ltr'>relazione</span> <span class='ocrx_word' id='word_1_455' title='bbox 1312 2628 1324 2643; x_wconf 87' lang='grc'>3</span> <span class='ocrx_word' id='word_1_456' title='bbox 1341 2624 1424 2648; x_wconf 80' lang='lat' dir='ltr'>questa</span> <span class='ocrx_word' id='word_1_457' title='bbox 1440 2622 1523 2643; x_wconf 83' lang='lat' dir='ltr'>lettera</span> <span class='ocrx_word' id='word_1_458' title='bbox 1534 2622 1570 2642; x_wconf 84' lang='lat' dir='ltr'>del</span> <span class='ocrx_word' id='word_1_459' title='bbox 1583 2621 1725 2642; x_wconf 80' lang='lat' dir='ltr'>Provinciale</span> <span class='ocrx_word' id='word_1_460' title='bbox 1741 2621 1769 2642; x_wconf 80' lang='lat' dir='ltr'>ed</span> <span class='ocrx_word' id='word_1_461' title='bbox 1785 2621 1889 2641; x_wconf 79' lang='lat' dir='ltr'>all&#39;altra</span> <span class='ocrx_word' id='word_1_462' title='bbox 1906 2620 1965 2645; x_wconf 75' lang='lat' dir='ltr'>degli</span> 
     </span>
     <span class='ocr_line' id='line_1_49' title="bbox 1086 2664 1966 2693; baseline -0.005 -5"><span class='ocrx_word' id='word_1_463' title='bbox 1086 2668 1099 2689; x_wconf 78' lang='lat'>8</span> <span class='ocrx_word' id='word_1_464' title='bbox 1114 2668 1208 2693; x_wconf 72' lang='lat' dir='ltr'>giugno,</span> <span class='ocrx_word' id='word_1_465' title='bbox 1224 2667 1245 2687; x_wconf 87' lang='lat' dir='ltr'>vi</span> <span class='ocrx_word' id='word_1_466' title='bbox 1261 2668 1273 2687; x_wconf 75' lang='lat' dir='ltr'>e</span> <span class='ocrx_word' id='word_1_467' title='bbox 1289 2673 1318 2687; x_wconf 90' lang='lat' dir='ltr'>un</span> <span class='ocrx_word' id='word_1_468' title='bbox 1334 2667 1476 2688; x_wconf 81' lang='lat' dir='ltr'>documento</span> <span class='ocrx_word' id='word_1_469' title='bbox 1492 2666 1527 2687; x_wconf 85' lang='lat' dir='ltr'>del</span> <span class='ocrx_word' id='word_1_470' title='bbox 1546 2666 1569 2687; x_wconf 87' lang='grc'>12</span> <span class='ocrx_word' id='word_1_471' title='bbox 1583 2668 1668 2692; x_wconf 80' lang='lat' dir='ltr'>agosto</span> <span class='ocrx_word' id='word_1_472' title='bbox 1686 2666 1743 2691; x_wconf 85' lang='lat'>1535,</span> <span class='ocrx_word' id='word_1_473' title='bbox 1767 2666 1848 2691; x_wconf 72' lang='lat' dir='ltr'>rogato</span> <span class='ocrx_word' id='word_1_474' title='bbox 1864 2665 1892 2685; x_wconf 81' lang='lat' dir='ltr'>da</span> <span class='ocrx_word' id='word_1_475' title='bbox 1909 2664 1966 2685; x_wconf 81' lang='lat' dir='ltr'>Gian</span> 
     </span>
     <span class='ocr_line' id='line_1_50' title="bbox 1090 2710 1966 2738; baseline -0.005 -5"><span class='ocrx_word' id='word_1_476' title='bbox 1090 2712 1166 2733; x_wconf 81' lang='lat' dir='ltr'>Pietro</span> <span class='ocrx_word' id='word_1_477' title='bbox 1182 2712 1290 2738; x_wconf 83' lang='lat' dir='ltr'>Appiani,</span> <span class='ocrx_word' id='word_1_478' title='bbox 1306 2712 1343 2732; x_wconf 85' lang='lat' dir='ltr'>dal</span> <span class='ocrx_word' id='word_1_479' title='bbox 1359 2712 1427 2737; x_wconf 84' lang='lat' dir='ltr'>quale</span> <span class='ocrx_word' id='word_1_480' title='bbox 1443 2712 1461 2732; x_wconf 84' lang='grc'>51</span> <span class='ocrx_word' id='word_1_481' title='bbox 1478 2711 1535 2732; x_wconf 88' lang='lat' dir='ltr'>vcde</span> <span class='ocrx_word' id='word_1_482' title='bbox 1546 2712 1587 2732; x_wconf 83' lang='lat' dir='ltr'>elie</span> <span class='ocrx_word' id='word_1_483' title='bbox 1599 2711 1619 2731; x_wconf 85' lang='lat' dir='ltr'>la</span> <span class='ocrx_word' id='word_1_484' title='bbox 1630 2710 1824 2732; x_wconf 81' lang='lat' dir='ltr'>insolutumdatio</span> <span class='ocrx_word' id='word_1_485' title='bbox 1835 2711 1966 2735; x_wconf 78' lang='lat' dir='ltr'>approvuta</span> 
     </span>
     <span class='ocr_line' id='line_1_51' title="bbox 1091 2754 1967 2778; baseline -0.005 0"><span class='ocrx_word' id='word_1_486' title='bbox 1091 2757 1127 2778; x_wconf 81' lang='lat' dir='ltr'>dal</span> <span class='ocrx_word' id='word_1_487' title='bbox 1145 2757 1288 2778; x_wconf 76' lang='lat' dir='ltr'>Provinciale</span> <span class='ocrx_word' id='word_1_488' title='bbox 1303 2757 1315 2778; x_wconf 79' lang='lat' dir='ltr'>e</span> <span class='ocrx_word' id='word_1_489' title='bbox 1330 2756 1358 2777; x_wconf 86' lang='lat' dir='ltr'>de</span> <span class='ocrx_word' id='word_1_490' title='bbox 1374 2757 1444 2777; x_wconf 85' lang='lat' dir='ltr'>certis</span> <span class='ocrx_word' id='word_1_491' title='bbox 1460 2756 1526 2777; x_wconf 85' lang='lat' dir='ltr'>bonis</span> <span class='ocrx_word' id='word_1_492' title='bbox 1538 2757 1560 2777; x_wconf 88' lang='lat' dir='ltr'>et</span> <span class='ocrx_word' id='word_1_493' title='bbox 1572 2755 1632 2777; x_wconf 79' lang='lat' dir='ltr'>fletis</span> <span class='ocrx_word' id='word_1_494' title='bbox 1641 2755 1796 2776; x_wconf 81' lang='lat' dir='ltr'>existentibus</span> <span class='ocrx_word' id='word_1_495' title='bbox 1812 2755 1833 2775; x_wconf 88' lang='lat' dir='ltr'>in</span> <span class='ocrx_word' id='word_1_496' title='bbox 1849 2754 1967 2775; x_wconf 80' lang='lat' dir='ltr'>territorio</span> 
     </span>
     <span class='ocr_line' id='line_1_52' title="bbox 1088 2798 1968 2827; baseline -0.003 -5"><span class='ocrx_word' id='word_1_497' title='bbox 1088 2802 1131 2823; x_wconf 88' lang='lat' dir='ltr'>loci</span> <span class='ocrx_word' id='word_1_498' title='bbox 1147 2801 1241 2825; x_wconf 81' lang='lat' dir='ltr'>Candie,</span> <span class='ocrx_word' id='word_1_499' title='bbox 1259 2806 1299 2827; x_wconf 83' lang='lat' dir='ltr'>per</span> <span class='ocrx_word' id='word_1_500' title='bbox 1314 2801 1319 2821; x_wconf 92' lang='lat' dir='ltr'>i</span> <span class='ocrx_word' id='word_1_501' title='bbox 1336 2800 1407 2826; x_wconf 81' lang='lat' dir='ltr'>quali,</span> <span class='ocrx_word' id='word_1_502' title='bbox 1422 2806 1465 2822; x_wconf 86' lang='lat' dir='ltr'>con</span> <span class='ocrx_word' id='word_1_503' title='bbox 1481 2800 1546 2821; x_wconf 84' lang='lat' dir='ltr'>detto</span> <span class='ocrx_word' id='word_1_504' title='bbox 1561 2801 1612 2821; x_wconf 82' lang='lat' dir='ltr'>atto</span> <span class='ocrx_word' id='word_1_505' title='bbox 1623 2799 1659 2820; x_wconf 86' lang='lat' dir='ltr'>del</span> <span class='ocrx_word' id='word_1_506' title='bbox 1672 2799 1695 2820; x_wconf 88' lang='lat'>12</span> <span class='ocrx_word' id='word_1_507' title='bbox 1705 2798 1968 2825; x_wconf 70' lang='lat' dir='ltr'>agosto,tratem1rcr=·0</span> 
     </span>
     <span class='ocr_line' id='line_1_53' title="bbox 1089 2843 1753 2867; baseline -0.003 0"><span class='ocrx_word' id='word_1_508' title='bbox 1089 2846 1163 2867; x_wconf 82' lang='lat' dir='ltr'>ricevc</span> <span class='ocrx_word' id='word_1_509' title='bbox 1179 2845 1207 2866; x_wconf 87' lang='lat' dir='ltr'>da</span> <span class='ocrx_word' id='word_1_510' title='bbox 1225 2845 1328 2866; x_wconf 85' lang='lat' dir='ltr'>Lorenzo</span> <span class='ocrx_word' id='word_1_511' title='bbox 1345 2844 1406 2867; x_wconf 76' lang='lat' dir='ltr'>Reali</span> <span class='ocrx_word' id='word_1_512' title='bbox 1422 2845 1444 2865; x_wconf 87' lang='lat' dir='ltr'>di</span> <span class='ocrx_word' id='word_1_513' title='bbox 1460 2844 1548 2866; x_wconf 79' lang='lat' dir='ltr'>Candia</span> <span class='ocrx_word' id='word_1_514' title='bbox 1564 2845 1575 2864; x_wconf 70' lang='grc'>4</span> <span class='ocrx_word' id='word_1_515' title='bbox 1591 2844 1656 2865; x_wconf 86' lang='lat' dir='ltr'>scudi</span> <span class='ocrx_word' id='word_1_516' title='bbox 1673 2843 1753 2865; x_wconf 71' lang='lat' dir='ltr'>d&#39;oro</span> 
     </span>
    </p>
   </div>
   <div class='ocr_carea' id='block_1_14' title="bbox 1941 3053 1967 3074">
    <p class='ocr_par' dir='ltr' id='par_1_16' title="bbox 1941 3053 1967 3074">
     <span class='ocr_line' id='line_1_54' title="bbox 1941 3053 1967 3074; baseline 0.038 -1"><span class='ocrx_word' id='word_1_517' title='bbox 1941 3053 1967 3074; x_wconf 80' lang='lat'>23</span> 
     </span>
    </p>
   </div>
  </div>
 </body>
</html>
