2305 3407
1921 168 1979 201 291

872 352 1274 393 CMLXXXIV.

262 462 462 491 L'Uditore
500 462 672 492 Generale
709 462 799 490 della
835 462 983 490 Camera
1019 461 1225 497 Apostolica
1263 461 1418 489 richiede
1457 460 1479 488 il
1514 461 1652 489 decreto
1690 461 1858 497 originale
1893 462 1985 489 della

166 525 199 556 S,
227 525 485 553 Penitenzieria
511 534 552 553 su
577 525 609 556 S.
637 524 803 553 Mostiola
828 533 889 560 per
914 523 1116 560 giudicarne
1142 522 1385 554 rautenticita,

765 646 916 677 1661,
950 647 1302 677 rnove—mlwre,
1335 646 1387 670 8.

687 762 763 783 (Arcu.
782 761 861 781 Nufar⁴
879 761 900 781 di
919 760 987 781 Pium-1
1004 772 1027 773 m
1045 761 1091 781 Atti
1108 761 1129 781 «li
1146 761 1203 781 Giau
1220 761 1294 781 Maria
1311 761 1370 781 della
1387 761 1469 781 Mula«.

400 889 401 902 l

250 919 336 1035 F
407 937 538 964 ULVlUS
563 932 707 965 Ursinus
733 933 814 964 iuris
833 933 1007 972 utriusque
1034 933 1162 969 doctor,
1182 931 1243 962 Dei
1270 934 1301 962 et
1327 931 1524 971 Apostolice
1543 930 1642 963 Sedis
1661 932 1765 971 gratia
1793 932 1986 972 Episcopus

430 995 660 1033 Muranensis,
685 996 891 1026 sanctissimi
918 994 1054 1026 Domini
1082 995 1184 1026 nostri
1212 993 1303 1034 pape
1329 995 1471 1034 eiusque
1498 992 1599 1026 Curie
1626 995 1809 1029 camerarii,
1837 1004 1894 1026 nec
1922 1004 1986 1026 non

342 1093 347 1094 ⁷
387 1093 393 1094 ⁷
428 1057 529 1090 Curie
566 1056 755 1090 Causarum
797 1056 938 1089 Camere
973 1057 1172 1098 Apistolice
1213 1056 1390 1088 Generalis
1428 1055 1588 1093 Auditor,
1628 1056 1845 1097 Romaneque
1886 1056 1985 1089 Curie

162 1120 264 1151 iudex
297 1120 503 1157 ordinarius,
537 1121 848 1160 sententiarumque
881 1122 912 1151 et
945 1129 1161 1151 censurarum
1198 1120 1228 1150 in
1262 1119 1379 1151 eadem
1415 1118 1563 1151 Romana
1590 1118 1691 1151 Curia
1729 1121 1759 1150 et
1785 1123 1879 1151 extra
1912 1129 1984 1151 eam

161 1182 301 1213 latarum
327 1191 364 1214 ac
390 1191 682 1223 quarumcumque
710 1183 894 1214 litterarum
913 1183 1180 1223 apostolicarum
1200 1190 1311 1213 merus
1336 1184 1366 1212 et
1386 1181 1589 1212 universalis
1616 1183 1778 1212 executor
1803 1181 1846 1212 ab
1864 1182 1984 1213 eodem

161 1243 386 1276 Sanctissimo
421 1245 559 1276 domino
586 1247 701 1276 nostro
727 1244 820 1285 Papa
847 1245 1039 1285 specialiter
1063 1245 1256 1285 deputatus,
1284 1244 1468 1275 reverendo
1489 1244 1572 1283 patri
1599 1244 1739 1274 domino
1766 1243 1826 1275 Dei
1847 1246 1877 1275 et
1896 1243 1987 1284 Apo-

161 1307 277 1338 stolice
304 1305 404 1338 Sedis
422 1308 527 1347 gratia
548 1307 721 1347 Episcopo
748 1306 907 1347 Papiensi
934 1308 1076 1346 eiusque
1103 1307 1133 1337 in
1160 1306 1395 1347 spiritualibus
1425 1308 1455 1337 et
1481 1306 1726 1346 temporalibus
1753 1306 1887 1337 Vicario
1913 1307 1985 1337 sive

161 1367 307 1400 Officiali
333 1367 489 1400 Generali
516 1369 745 1409 omnibusque
765 1369 840 1400 aliis
866 1369 908 1400 ad
927 1377 1014 1408 quos
1033 1371 1163 1409 spectat
1180 1371 1211 1400 et
1230 1377 1317 1408 quos
1344 1369 1405 1399 lioc
1431 1377 1573 1408 presens
1591 1369 1696 1408 tangit
1716 1369 1905 1409 negocium,
1925 1377 1984 1400 seu

161 1433 297 1471 tangere
328 1431 450 1471 poterit
488 1431 748 1471 quomodolibet
786 1432 817 1462 in
844 1431 990 1462 futurum
1023 1440 1061 1462 ac
1098 1431 1224 1470 quibus
1262 1432 1438 1470 presentes
1476 1432 1589 1461 nostre
1616 1430 1721 1461 littere
1761 1431 1984 1470 pervenerint,

161 1492 305 1524 salutem
333 1493 364 1523 in
392 1491 537 1524 Domino
563 1495 594 1524 et
620 1494 745 1525 nostris
772 1494 976 1529 huiusmodi,
1004 1493 1070 1524 imo
1102 1493 1213 1524 verius
1244 1492 1452 1532 apostolicis,
1479 1492 1614 1523 firmiter
1639 1492 1778 1524 obedire
1806 1493 1984 1524 mandatis.

250 1554 421 1586 Noveritis
448 1556 539 1595 quod
567 1564 674 1596 nuper
699 1555 760 1586 fuit
787 1555 886 1587 nobis
912 1564 972 1595 pro
998 1557 1091 1595 parte
1118 1555 1286 1595 magnifici
1320 1555 1447 1585 domini
1479 1553 1661 1585 Alexandri
1690 1553 1882 1586 Pallanterii
1909 1564 1987 1586 san-

159 1617 302 1648 ctissimi
329 1616 464 1648 Domini
492 1618 597 1649 nostri
625 1617 717 1658 Pape
744 1620 775 1649 et
800 1616 941 1650 Camere
968 1617 1164 1658 Apostolice
1190 1617 1418 1657 procuratoris
1444 1617 1569 1648 fiscalis
1595 1625 1632 1647 ac
1658 1617 1830 1648 reverendi
1858 1617 1984 1648 domini

155 1679 290 1710 abbatis
316 1681 347 1710 et
374 1679 523 1711 Fratrum
549 1682 666 1712 sancte
693 1680 855 1712 Mustiole
881 1680 1029 1712 civitatis
1055 1679 1171 1720 papie,
1198 1680 1229 1710 in
1257 1679 1462 1710 monasterio
1489 1679 1594 1710 sancti
1622 1678 1801 1719 Augustini
1832 1679 1984 1711 eiusdem

155 1741 304 1773 civitatis
329 1743 621 1780 commorantium,
640 1751 678 1773 ac
704 1743 807 1774 totius
833 1741 1118 1783 Congregationis
1143 1741 1281 1772 fratrum
1308 1740 1528 1772 Eremitarum
1558 1742 1664 1772 sancti
1691 1740 1872 1782 Augustini
1906 1740 1987 1773 Pro—

159 1803 268 1834 vincie
294 1803 506 1842 Lombardie‚
533 1813 592 1845 pro
610 1813 724 1836 earum
750 1804 914 1836 criminali
941 1806 972 1836 et
996 1804 1086 1835 civili
1106 1804 1294 1844 respective
1321 1803 1484 1834 interesse
1511 1803 1666 1843 partium,
1692 1804 1888 1843 expositum
1906 1812 1981 1835 cum

157 1865 293 1904 querela
318 1866 490 1906 animique
516 1867 620 1898 nostri
647 1867 900 1907 perturbatione
926 1875 992 1897 non
1019 1866 1162 1903 modica,
1189 1865 1280 1905 quod
1306 1868 1488 1906 postquam
1514 1865 1599 1897 alias
1628 1868 1707 1897 tunc
1733 1866 1885 1897 existens
1904 1864 1985 1896 Pro-

158 1926 313 1958 vincialis
338 1925 625 1969 Congregationis
651 1928 800 1960 Fratrum
828 1928 1073 1960 Heremitarum
1099 1928 1205 1959 sancti
1233 1926 1413 1968 Augustini
1433 1926 1611 1958 provincie
1631 1927 1832 1959 Lombardie
1863 1936 1980 1959 mona-

158 1989 307 2027 sterium,
333 1990 398 2021 sub
424 1990 642 2022 invocatione
676 1990 772 2022 beate
799 1990 973 2028 Mustiole,
1002 1990 1045 2021 ad
1069 1990 1212 2021 eandem
1245 1988 1553 2030 Congregationem
1588 1990 1657 2020 iure
1690 1990 1807 2021 directi
1841 1990 1981 2020 dominii

159 2053 320 2091 spectans
352 2054 384 2083 et
417 2052 606 2092 pertinens,
639 2052 845 2092 quibusdam
879 2052 1055 2083 abbatisse
1087 2053 1118 2083 et
1151 2051 1357 2083 monialibus
1390 2052 1586 2083 monasterii
1620 2052 1662 2083 de
1697 2051 1813 2082 Monte
1846 2050 1982 2083 Oliveto

159 2111 298 2145 Ordinis
312 2114 420 2145 sancti
447 2113 621 2146 Benedicti
648 2112 934 2155 Congregationis
960 2114 1066 2145 Vallis
1092 2113 1271 2152 Umbrose‚
1287 2114 1351 2145 sub
1376 2114 1476 2145 certis
1500 2114 1660 2153 capitulis
1679 2116 1710 2145 et
1727 2114 1983 2146 conditionibus

158 2183 196 2205 ac
222 2175 369 2215 quadam
396 2176 613 2215 pecuniarum
640 2176 894 2213 exbursatione,
921 2176 952 2206 in
979 2176 1162 2206 maximum
1189 2175 1276 2207 dicte
1301 2173 1587 2215 congregationis
1613 2184 1649 2206 ac
1677 2174 1822 2206 Abbatis
1847 2178 1877 2207 et
1904 2175 1982 2207 Fra-

157 2238 242 2268 trum
269 2237 496 2277 predictorum
521 2238 766 2278 exponentium
792 2246 976 2278 eorumque
1003 2245 1240 2269 successorum
1266 2238 1298 2268 et
1323 2237 1464 2268 ecclesie
1499 2239 1697 2277 perpetuum
1723 2237 1894 2275 damnum,
1914 2247 1981 2269 non

158 2300 302 2331 servatis
328 2299 602 2331 solemnitatibus
627 2300 668 2331 de
694 2300 763 2331 iure
801 2300 976 2340 requisitis
1001 2308 1040 2331 ac
1066 2299 1162 2337 alias,
1189 2299 1330 2335 nulliter,
1358 2299 1455 2330 salvo
1481 2301 1590 2330 tamen
1617 2297 1739 2330 Sancte
1765 2298 1865 2331 Sedis
1891 2299 1979 2341 Apo-

158 2361 276 2393 stolice
309 2361 535 2402 beneplacito,
561 2361 766 2393 alienaverat
799 2362 1157 2402 confirmationemque
1187 2361 1402 2392 alienationis
1428 2361 1575 2401 predicte
1608 2361 1651 2392 ab
1676 2361 1792 2392 eadem
1831 2360 1917 2393 Sede
1949 2364 1982 2394 et

159 2421 260 2455 Sacra
287 2422 525 2455 penitentiaria
551 2424 742 2464 apostolica
769 2424 920 2455 obtinere
938 2425 969 2455 et
995 2424 1117 2455 habere
1143 2425 1393 2464 procuraverat,
1411 2423 1767 2464 supplicationemque
1785 2426 1980 2464 porrexerat

158 2494 196 2517 ac
222 2486 370 2526 desuper
398 2488 507 2518 certas
533 2487 659 2518 litteras
684 2495 702 2518 a
736 2487 898 2527 scriptore
930 2495 1023 2518 sacre
1057 2485 1294 2518 Penitentiarie
1319 2485 1453 2517 formari
1486 2487 1517 2517 et
1542 2485 1656 2517 forsan
1683 2486 1796 2526 sigillo
1829 2487 1981 2518 eiusdem

160 2555 255 2579 sacre
291 2546 530 2580 Penitentiarie
567 2549 780 2589 appensione
817 2549 936 2580 muniri
976 2549 1114 2580 fecerat:
1148 2547 1236 2579 Idem
1270 2547 1496 2579 Provincialis
1529 2556 1587 2579 seu
1614 2548 1702 2579 alius
1735 2548 1808 2579 eius
1846 2549 1979 2580 nomine

160 2609 297 2641 easdem
323 2610 450 2642 litteras
475 2611 685 2651 apostolicas
711 2620 806 2643 sacre
833 2610 1071 2643 Penitentiarie
1095 2610 1362 2642 confirmationis
1388 2610 1476 2641 dicte
1513 2610 1729 2642 alienationis
1755 2612 1863 2642 stante
1889 2611 1978 2642 dicto

162 2674 326 2712 perpetuo
361 2672 502 2704 ecclesie
528 2673 652 2704 damno
684 2682 722 2704 ac
748 2673 862 2704 forsan
895 2673 1020 2704 illicitis
1049 2672 1147 2704 factis
1173 2673 1205 2703 in
1241 2672 1386 2703 evidens
1417 2672 1578 2703 damnum
1604 2672 1745 2704 ecclesie
1779 2673 1979 2705 cedentibus

161 2733 301 2765 ulterius
332 2735 492 2775 expedire
525 2744 591 2766 non
625 2736 743 2767 valens
769 2735 905 2767 easdem
932 2735 1153 2766 nihilominus
1185 2734 1233 2766 sic
1269 2733 1482 2774 imperfectas
1519 2736 1550 2765 et
1581 2734 1676 2766 aliter
1701 2744 1766 2765 non
1800 2735 1979 2775 expeditas

162 2804 267 2836 penes
293 2804 328 2827 se
350 2797 497 2828 retinens
522 2798 745 2838 eamdemque
770 2798 1007 2829 alienationem
1033 2798 1077 2829 ab
1101 2797 1219 2828 eadem
1246 2795 1333 2828 Sede
1358 2799 1390 2828 et
1416 2795 1666 2835 Penitentiaria‚
1682 2797 1759 2829 licet
1784 2797 1882 2835 falso,
1901 2807 1981 2829 con-

159 2857 322 2889 firmatam
348 2867 424 2890 esse
453 2867 622 2898 asserens,
647 2861 718 2891 orta
744 2860 866 2891 deinde
893 2860 947 2891 lite
967 2860 1050 2890 inter
1075 2860 1213 2890 eosdem
1239 2861 1451 2899 exponentes
1476 2868 1517 2890 ex
1545 2868 1620 2897 una,
1639 2868 1676 2891 ac
1702 2860 1809 2891 dietas
1827 2859 1979 2891 abbatis-

159 2927 231 2951 sam
256 2921 287 2951 et
313 2920 477 2952 moniales
501 2921 542 2952 de
568 2924 600 2953 et
626 2930 728 2962 super
753 2922 1007 2962 recuperatione
1032 2921 1111 2953 dicti
1138 2921 1331 2953 monasterii
1358 2923 1388 2952 et
1413 2920 1528 2952 forsan
1555 2921 1656 2953 rebus
1681 2921 1757 2953 aliis
1783 2922 1922 2953 suborta
1947 2924 1978 2953 et

158 2983 318 3020 vertente,
345 2982 450 3014 littere
477 2983 671 3015 huiusmodi
707 2985 737 3015 in
758 2986 868 3016 vestra
895 2983 1092 3024 Episcopali
1119 2981 1221 3015 Curia
1248 2983 1410 3023 producte
1435 2983 1567 3020 fuerint,
1593 2985 1624 3015 et
1650 2984 1729 3023 quia
1755 2992 1857 3015 cause
1883 2984 1980 3014 liuiu-
