2305 3407
1924 176 1984 208 155

905 363 1267 403 DCCCXXIX.

264 473 395 508 Legato
420 471 687 499 testamentario
714 471 748 499 di
775 472 911 508 Filippo
938 472 1063 500 Franci
1091 481 1110 499 a
1137 472 1257 499 favore
1283 471 1318 499 di
1344 471 1379 499 S.
1407 470 1592 506 Agostino.

832 567 992 597 162⁸,
1025 567 1233 598 znprite,
1265 566 1317 591 6.

693 655 759 675 Ascli.
777 655 856 675 Notus.
874 656 894 675 di
913 655 981 676 l'nvia
1038 655 1084 676 Atti
1101 655 1122 675 di
1140 655 1197 675 (Jinn
1215 655 1327 679 Agostinn
1344 655 1461 679 Mnngano
1478 671 1482 674 ,

243 840 363 956 Ν
419 859 509 885 ELLA
534 863 614 884 casn
639 854 692 884 dcl
716 855 878 887 testatore,
906 854 936 884 i'n
963 852 1161 883 Pnrroccln'n
1198 853 1232 883 n'i
1257 852 1289 885 S.
1318 851 1454 891 Giot'gm
1491 853 1522 882 in
1559 852 1747 883 Fornnrnln.
1780 852 1986 883 Testamenta

411 954 412 958 Ἰ
441 917 475 948 dt
499 916 628 956 Filt'ppo
654 916 693 946 de
719 916 867 950 Francia,
896 916 929 946 di
956 916 1047 951 ()rln,
1074 915 1219 946 nbilnnte
1257 916 1287 945 in
1325 914 1441 951 Ριιιίἰι,
1468 914 1520 945 nel
1544 914 1641 953 quale
1680 914 1816 954 dispone
1842 915 1988 945 cadaver

441 987 538 1009 suum
566 978 689 1018 portari
717 981 748 1009 et
774 978 906 1018 sepeliri
934 978 1056 1008 debere
1083 977 1124 1008 ad
1151 977 1329 1008 ecclesiam
1358 977 1461 1007 sancti
1491 976 1667 1016 Augustini
1685 976 1819 1007 fratrum
1841 976 1988 1007 Heremi-

176 1042 280 1071 tarum
309 1032 434 1080 Papies
460 1041 585 1080 quibus
617 1040 788 1071 Fratribus
813 1043 843 1070 ct
869 1049 981 1071 eorum
1021 1040 1225 1070 monasterio
1268 1039 1391 1079 legavit
1417 1041 1446 1069 et
1474 1039 1559 1079 legat
1588 1039 1689 1069 libras
1716 1039 1987 1078 vigintiquinque

177 1101 400 1141 imperiales...
427 1111 487 1142 pro
513 1102 698 1133 elemosina
724 1104 755 1132 et
781 1104 813 1132 ut
851 1103 943 1132 orent
982 1100 1087 1132 Deum
1126 1110 1185 1141 pro
1221 1102 1331 1131 anima
1370 1101 1479 1140 ipsius
1518 1101 1698 1131 testatoris.
1738 1100 1814 1131 ltem
1850 1101 1984 1139 obbliga

175 1163 208 1195 Ia
232 1173 293 1195 sna
319 1164 449 1203 moglt‘e,
476 1164 568 1195 erecte
594 1164 787 1201 uniuersale,
813 1164 854 1195 ad
881 1164 1040 1195 celebrari
1082 1163 1273 1194 faciendum
1316 1164 1438 1194 missas
1479 1164 1584 1194 sancti
1612 1162 1764 1203 Gregorii
1792 1172 1851 1203 pro
1877 1164 1986 1194 anima

176 1227 284 1267 ipsius
310 1227 491 1262 testatoris,
518 1227 628 1257 statim
667 1229 742 1266 post
768 1227 918 1258 eiusdem
957 1227 1126 1257 testatoris
1163 1226 1353 1261 decessum,
1381 1226 1411 1256 in
1438 1226 1525 1256 dicta
1566 1226 1708 1257 ecclesia
1742 1226 1846 1256 sancti
1875 1225 1988 1266 Augu-

175 1289 252 1320 stini
279 1291 309 1319 et
336 1297 392 1329 per
418 1289 527 1319 dictos
554 1289 711 1319 dominos
738 1289 855 1320 fratres
882 1288 1117 1320 Heremitanos
1142 1289 1220 1319 dicti
1249 1289 1440 1319 monasterii
1467 1290 1497 1319 et
1524 1289 1554 1319 in
1581 1297 1695 1319 eorum
1716 1288 1901 1319 mercedem
1929 1297 1986 1319 seu

175 1351 406 1388 elemosinam,
433 1351 524 1382 dicto
551 1351 754 1382 monasterio
780 1354 810 1382 et
836 1351 994 1382 fratribus
1020 1351 1182 1387 eiusdem,
1210 1359 1269 1390 pro
1296 1351 1457 1390 predictis
1484 1351 1609 1388 missis,
1629 1351 1751 1391 legavit
1777 1352 1808 1381 et
1835 1350 1920 1390 legat
1947 1351 1987 1381 ad

177 1413 419 1444 discrecionem
446 1414 477 1443 et
503 1413 721 1453 prudenciam
748 1413 837 1444 della
862 1413 964 1444 erede.

914 1560 1250 1600 DCCCXXX.

263 1669 505 1706 Disposizioni
532 1669 587 1698 del
614 1669 776 1706 Capitolo
802 1669 836 1697 di
863 1669 896 1700 S,
923 1669 1092 1697 Mostiola
1116 1677 1177 1705 per
1203 1668 1226 1696 il
1251 1673 1462 1705 pagamento
1488 1669 1522 1697 di
1549 1678 1593 1697 un
1619 1669 1753 1697 credito
1772 1669 1827 1697 del
1855 1669 1987 1699 Priore,

828 1765 982 1795 1528,
1015 1765 1218 1796 aprile,
1250 1764 1341 1789 30.

706 1854 783 1874 (Ατςῐι4
801 1854 880 1874 Notar.
897 1853 919 1874 di
936 1853 1014 1874 Pavia.
1031 1864 1055 1866 -
1070 1853 1114 1874 Atti
1131 1853 1152 1873 di
1169 1853 1226 1874 Gian
1243 1853 1320 1874 pietro
1336 1853 1454 1879 Αρρὶειηί)Δ

194 2097 196 2105 ι

269 2038 348 2155 S
422 2055 545 2083 UBTUS
569 2052 717 2091 quodam
744 2052 875 2092 porticu
902 2052 967 2083 sito
993 2052 1024 2082 in
1052 2051 1264 2091 infrascripto
1290 2053 1457 2082 conventu
1485 2051 1710 2091 respondente
1736 2051 1901 2083 deversus
1919 2051 1992 2082 fon-

443 2116 553 2145 tanam
580 2113 698 2154 pretati
725 2112 925 2146 Conventus
952 2116 1066 2145 sancte
1093 2114 1254 2146 Mustiole
1281 2112 1419 2153 Papie...
1446 2111 1646 2144 convocato
1687 2111 1845 2153 Capitulo
1872 2113 1989 2153 prefati

203 2210 208 2211 ⁷
306 2188 417 2211 ng
445 2173 653 2213 Conventus,
680 2176 720 2207 de
747 2176 905 2207 mandato
947 2176 1120 2207 reverendi
1162 2176 1288 2207 domini
1330 2175 1441 2206 fratris
1483 2174 1640 2205 Iohannis
1677 2174 1717 2205 de
1754 2173 1990 2215 Cremagnolia

179 2236 338 2269 Prioris...
364 2238 396 2268 in
423 2246 490 2277 quo
517 2238 653 2277 quidem
679 2237 827 2277 capitulo
854 2237 1107 2269 interfuerunt...
1148 2237 1299 2278 prefatus
1335 2236 1493 2268 dominus
1520 2235 1613 2267 Prior
1638 2238 1668 2267 et
1694 2245 1768 2267 cum
1794 2245 1867 2268 eo...
1893 2246 1993 2269 vene-

179 2299 302 2331 rabiles
327 2300 453 2331 domini
482 2300 581 2331 frater
607 2299 752 2331 Michael
780 2298 931 2340 Angelus
957 2300 997 2331 de
1023 2299 1131 2337 Petra,
1157 2299 1257 2330 frater
1282 2298 1393 2330 David
1420 2299 1461 2330 de
1488 2297 1645 2334 Artaldis‚
1687 2297 1785 2329 frater
1826 2298 1991 2331 lohannes

178 2362 219 2393 de
244 2361 341 2393 Galia
367 2364 399 2393 et
424 2361 524 2393 frater
551 2362 767 2393 Innocentius
793 2362 834 2393 de
861 2361 1021 2399 Locarno,
1047 2361 1242 2393 facientes...
1269 2363 1373 2392 totum
1400 2360 1616 2400 capitulum...
1654 2370 1728 2392 cuni
1767 2361 1935 2401 presentia
1960 2364 1990 2392 et

178 2433 347 2455 consensu
374 2424 491 2465 prefati
520 2424 646 2455 domini
674 2423 800 2455 prioris
826 2427 857 2455 et
884 2423 1004 2454 Vicarii
1047 2423 1280 2459 Provincialis,
1322 2422 1549 2454 mediantibus
1590 2422 1707 2454 litteris
1733 2423 1906 2454 reverendi
1933 2424 1994 2454 do-

179 2487 257 2517 mini
283 2486 394 2517 fratris
420 2486 600 2527 Raphaelis
627 2486 803 2517 Milanexii
830 2486 871 2517 de
897 2484 1145 2526 Carmagnolia,
1172 2494 1264 2517 sacre
1290 2485 1458 2525 theologie
1484 2484 1699 2525 professoris,
1726 2484 1864 2516 Ordinis
1891 2485 1993 2517 Here-

179 2549 331 2579 mitarum
358 2549 464 2580 sancti
492 2548 671 2589 Augustini
712 2547 837 2579 l-‘rioris
876 2547 1097 2579 Provincialis
1124 2547 1300 2579 Provincie
1328 2547 1537 2583 Lonibardie,
1565 2547 1653 2578 datis
1680 2546 1783 2587 Papie
1809 2548 1862 2578 die
1886 2548 1922 2579 12
1948 2548 1994 2579 fe-

179 2611 313 2648 bruarii,
338 2611 415 2641 anni
443 2611 642 2651 presentis...
667 2611 884 2651 assignarunt
910 2613 940 2642 et
967 2610 1207 2651 dellegarunt...
1234 2609 1363 2650 pretato
1383 2609 1566 2640 reverendo
1585 2609 1723 2640 domino
1740 2608 1843 2640 Priori
1860 2610 1903 2640 ibi
1920 2619 1994 2650 pre-

179 2673 298 2704 senti...
324 2673 436 2703 omnia
462 2673 536 2704 ficta
562 2674 592 2704 et
617 2681 735 2703 omnes
761 2673 923 2712 pecunias
950 2672 1078 2712 prefato
1104 2670 1294 2704 Conventui
1314 2672 1426 2703 debita
1452 2674 1482 2702 et
1508 2671 1642 2703 debitas
1669 2681 1726 2712 per
1753 2671 1933 2703 Martinum
1953 2672 1992 2702 de

180 2734 343 2766 Montano
368 2735 409 2766 de
436 2734 511 2766 loco
538 2734 645 2766 Arene
671 2735 712 2766 de
739 2734 821 2766 ultra
848 2733 1011 2765 Padum...
1038 2735 1224 2766 occaxione
1249 2734 1401 2765 fictorum
1444 2735 1656 2771 retentorum,
1675 2733 1764 2775 fatto
1801 2733 1934 2774 obbllgo
1960 2733 1994 2764 al

179 2797 266 2828 detto
291 2796 402 2828 Priore
427 2797 462 2828 di
484 2796 646 2837 risondere
671 2796 706 2828 al
729 2799 886 2828 convento
924 2797 952 2828 le
988 2805 1112 2828 somme
1149 2796 1206 2827 clze
1242 2796 1309 2835 egli
1344 2795 1482 2835 esigerc'l,
1508 2796 1637 2827 tleclotte
1659 2796 1738 2836 perd
1759 2797 1866 2836 prima
1892 2796 1924 2827 L.
1949 2796 1992 2826 25

180 2859 341 2900 imperiali
363 2859 421 2891 che
445 2859 512 2899 egli
535 2859 578 2891 ιίἁ
603 2868 623 2890 α
643 2860 790 2900 prestito,
816 2859 851 2890 al
870 2861 1029 2900 presente,
1055 2859 1090 2890 al
1113 2860 1269 2890 convento
1287 2856 1348 2898 (1).

240 3016 269 3040 il)
285 3015 319 3036 Da
335 3021 364 3036 un
379 3017 429 3037 atto
452 3015 488 3036 del
502 3016 515 3036 9
529 3016 614 3042 giugno
639 3016 696 3041 1528,
719 3017 801 3042 rogato
823 3016 851 3036 da
874 3016 932 3036 Gian
956 3015 1056 3036 Lucumo
1112 3015 1179 3040 gnola
1195 3020 1233 3036 era
1249 3015 1377 3036 succeduto
1394 3015 1428 3036 nel
1445 3015 1548 3041 priorato
1564 3015 1621 3035 irate
1639 3014 1726 3035 Davitlc
1742 3014 1769 3035 dc
1786 3014 1894 3034 Artamis.
1906 3013 1987 3037 Questi

186 3058 248 3086 Sola,
263 3060 281 3081 si
298 3060 368 3081 rileva
383 3061 424 3081 che
440 3060 461 3081 al
477 3062 578 3081 maestro
594 3060 652 3081 irate
668 3060 780 3081 Giovanni
797 3060 904 3081 Cavazza
920 3060 948 3080 da
965 3060 1057 3081 Carma-
1113 3064 1155 3080 con
1171 3058 1229 3080 frate
1246 3058 1364 3080 Clemente
1380 3059 1479 3085 Fussati,
1496 3059 1534 3085 qui
1551 3060 1647 3084 propter
1669 3058 1798 3079 absentiam
1823 3058 1918 3078 alioruin
1936 3063 1986 3078 cuin
