2305 3407
214 316 265 348 Ad
292 317 586 348 subdiaconatum.

217 378 329 410 Frater
354 378 450 410 Vitus
476 379 517 410 de
543 377 673 416 Cumis,
699 377 839 410 Ordinis
865 379 971 410 sancti
999 378 1191 419 Augustini.

217 441 268 473 Ad
295 442 519 473 diaconatum.

218 503 330 535 Frater
356 503 584 535 Heustachius
609 504 650 535 de
676 503 746 541 Ast,
773 503 912 536 Ordinis
939 504 1190 536 Heremitarum.

963 705 1103 746 DCL.

218 812 448 841 Testamento
474 813 530 841 del
556 813 634 844 nob.
662 812 748 845 Gio:
775 813 975 842 Franeesco
1001 814 1173 842 Beccaria
1199 822 1222 841 a⁴
1244 814 1365 841 favore
1391 813 1425 841 di
1453 813 1488 841 S.
1516 813 1640 842 Paolo.

775 928 849 952 15(
858 928 897 951 )1
909 943 922 957 ,
952 935 1056 952 1115!
1065 934 1156 955 rzo
1167 945 1176 959 ,
1206 927 1296 952 22.

713 1015 779 1036 Arcu.
796 1016 848 1036 Nor
866 1016 887 1036 di
905 1016 974 1037 Paria
990 1028 1014 1030 ἡ
1030 1016 1077 1037 Atti
1094 1016 1115 1036 di
1132 1016 1236 1042 Gaspare
1252 1016 1351 1037 Taccnni

145 1214 147 1243 ,¹
199 1199 322 1315 N
377 1216 420 1242 ΕΙ,
447 1211 612 1244 Convento
638 1213 672 1244 a'i
696 1212 729 1245 S.
755 1212 874 1244 Prr'mo.
907 1213 1114 1244 Testamento
1139 1213 1174 1245 di
1199 1213 1366 1246 Giovanni
1388 1213 1571 1245 Francesco
1597 1213 1772 1250 Beccaria,
1811 1214 1897 1245 detto
1924 1214 1947 1245 il

370 1303 371 1307 ,
399 1275 504 1311 Frate.
531 1274 585 1306 ciel
601 1274 643 1315 fu
671 1274 861 1312 Corraclino,
887 1275 922 1306 di
945 1274 1060 1311 Ρανία,
1087 1275 1140 1306 nel
1163 1275 1261 1315 quale
1290 1276 1427 1316 dispone
1452 1275 1509 1307 che
1535 1276 1546 1307 i
1569 1276 1644 1307 suoi
1668 1275 1756 1307 erodi
1784 1275 1943 1316 focciono

145 1284 147 1307 i

145 1324 147 1335 ¹
358 1338 371 1374 j
397 1337 545 1377 eseguire
571 1339 717 1377 quatuor
741 1338 897 1377 planetas
923 1337 1058 1368 veiiucti
1085 1337 1137 1368 vel
1164 1338 1236 1375 site,
1255 1337 1388 1368 fulcitas
1407 1346 1482 1368 cum
1502 1338 1573 1369 suis
1592 1338 1754 1369 croxeriis
1773 1347 1811 1369 ac
1829 1337 1946 1375 fodris,

129 1408 269 1440 quarum
297 1408 362 1431 una
388 1400 516 1431 detur...
543 1399 685 1431 ecclesie
710 1400 818 1431 sancti
845 1398 951 1437 Pauli,
979 1400 1041 1431 site
1067 1401 1161 1430 extra
1187 1402 1218 1431 et
1244 1408 1349 1440 prope
1375 1398 1527 1440 Papiam,
1547 1400 1602 1431 ubi
1623 1401 1793 1431 morantur
1811 1399 1942 1431 Fratres

129 1461 333 1492 Hereniitani
360 1462 401 1492 de
427 1460 662 1493 Observancia
688 1462 794 1492 sancti
821 1461 1035 1502 Augustini...
1066 1461 1144 1493 Item
1181 1462 1317 1502 obbliga
1353 1462 1433 1493 (letti
1467 1462 1556 1493 credi
1579 1462 1620 1493 ad
1647 1462 1796 1493 dandum
1823 1464 1854 1493 et
1880 1462 1947 1493 sol-

130 1523 276 1554 vendum
302 1524 392 1554 omni
419 1532 508 1554 anno
535 1523 566 1554 in
593 1525 791 1563 perpetuum
819 1524 979 1564 predictis
1008 1524 1146 1555 domino
1183 1523 1289 1555 Priori
1317 1526 1347 1555 et
1372 1524 1545 1555 Fratribus
1581 1533 1619 1556 ac
1658 1523 1849 1556 Conventui
1889 1533 1947 1556 seu

128 1586 333 1617 monasterio
360 1586 465 1617 sancti
494 1584 600 1623 Pauli,
627 1586 691 1617 sito
717 1587 811 1617 extra
837 1588 867 1617 et
893 1595 998 1626 prope
1037 1585 1187 1626 Papiam,
1224 1586 1347 1617 sachos
1384 1586 1471 1617 duos
1507 1585 1707 1618 frumenti...
1745 1596 1805 1627 pro
1838 1587 1948 1618 anima

133 1647 242 1688 ipsius
268 1647 394 1678 domini
420 1648 602 1679 testatoris.

954 1796 1121 1837 DCLI.

219 1904 246 1932 11
271 1905 451 1933 Convento
477 1905 510 1932 di
537 1905 572 1934 S.
599 1905 709 1934 Paolo
736 1914 901 1941 compera
927 1914 972 1933 un
996 1909 1097 1942 prato
1124 1905 1157 1933 in
1183 1906 1299 1934 Mede.

761 2019 911 2049 1501,
942 2020 1204 2051 111alssgi09
1236 2020 1315 2045 12.

672 2107 748 2130 (Arcu.
765 2107 845 2128 Notat.
862 2107 884 2127 di
901 2107 970 2128 Pavia
988 2119 1011 2121 —
1027 2108 1074 2129 Atti
1091 2108 1112 2128 di
1129 2108 1243 2134 Agostino
1259 2108 1414 2134 Gravanagoi⁴

209 2289 330 2405 N
380 2309 470 2336 ELLA
495 2314 575 2336 caso
600 2305 653 2336 del
676 2305 788 2336 notaio
813 2315 833 2336 ιι
859 2304 891 2337 S.
918 2305 961 2336 M.
988 2306 1019 2336 1'11
1045 2305 1184 2336 Pertlco.
1214 2304 1302 2337 Giosz
1331 2304 1490 2337 Gt‘acomo
1527 2305 1676 2340 visconti,
1704 2304 1757 2336 ‹lel
1779 2314 1890 2344 [noga.
1909 2304 1951 2345 fu

373 2355 374 2369 ¹
404 2367 587 2404 Giovatmi,
621 2376 682 2408 per
702 2368 724 2399 9
741 2367 855 2407 florini
878 2367 946 2398 alla
967 2368 1091 2407 perfica
1134 2367 1234 2398 vende
1259 2367 1293 2398 al
1318 2366 1506 2398 Venerabili
1534 2367 1671 2397 domino
1696 2366 1787 2397 fratri
1814 2366 1950 2397 Iohanni

403 2431 501 2463 Petro
526 2431 567 2462 de
595 2430 732 2471 Papia...
770 2430 954 2470 acquirenti
994 2430 1127 2460 nornine
1152 2431 1183 2461 et
1209 2430 1281 2460 viee
1318 2429 1529 2460 dominorum
1569 2427 1694 2460 Prioris
1731 2430 1761 2460 et
1799 2428 1947 2459 Fratrum

135 2496 284 2527 Ecclesie
310 2498 341 2527 et
366 2493 512 2535 Capituli
540 2493 731 2525 monasterii
759 2493 864 2523 sancti
893 2492 998 2529 Pauli,
1025 2493 1077 2523 siti
1104 2494 1197 2524 extra
1224 2494 1254 2523 et
1281 2501 1385 2532 prope
1404 2494 1553 2523 sanctam
1580 2491 1721 2522 Mariam
1743 2491 1772 2522 in
1800 2490 1951 2522 Perticha

135 2557 249 2598 Papie,
276 2558 399 2598 petiam
449 2566 547 2588 unam
575 2557 658 2596 prati
687 2557 884 2596 perticarum
926 2556 1053 2595 septem
1080 2557 1110 2585 et
1136 2554 1323 2585 tabularum
1364 2563 1496 2590 novem,
1535 2554 1679 2594 positam
1719 2554 1749 2584 in
1787 2554 1951 2584 territorio

135 2620 271 2658 Medde,
298 2621 329 2651 in
355 2622 507 2651 contrata
533 2619 588 2650 ubi
615 2619 737 2650 dicitur
762 2619 803 2650 ad
836 2617 1026 2651 Roveriuin.
