2305 3407
259 148 325 180 254

260 280 408 313 Barbara
434 281 474 312 de
502 280 672 317 Piscariis,
710 280 831 312 Donna
869 280 1044 312 Vincentia
1082 280 1123 312 de
1164 279 1307 318 Putinis‚
1349 279 1469 312 Donna
1506 279 1586 312 iulia
1625 280 1809 321 Margarita
1845 280 1886 311 de
1912 279 2076 317 Nazariis,

259 343 380 375 Donna
407 343 580 384 Hippolita
607 343 648 375 de
675 342 800 383 Vegiis,
838 342 959 374 Donna
997 341 1140 375 Camilla
1175 343 1215 374 de
1253 342 1484 383 Tagliaferris,
1517 341 1637 373 Donna
1664 342 1828 374 Eleonora
1855 342 1896 373 de
1923 341 2076 379 Bazanis,

258 404 380 437 Donna
418 405 562 436 Antonia
600 405 640 436 de
678 404 859 443 Pelizonis,
897 404 1018 436 Donna
1057 403 1157 436 Daria
1199 405 1239 436 de
1278 405 1498 445 Landulpliis,
1525 403 1645 436 Donna
1672 404 1808 436 Monica
1845 404 1886 436 de
1923 403 2078 441 Corsico,

259 466 379 499 Donna
406 467 515 499 Marta
542 468 582 498 de
609 466 793 505 Scribanis,
820 466 941 498 Donna
969 466 1168 498 Francisclia
1194 467 1236 498 de
1261 466 1441 505 Zanachis,
1478 466 1600 498 Donna
1637 464 1785 498 Caecilia
1822 467 1862 497 de
1889 466 2020 506 Brayda
2047 469 2078 497 et

257 530 378 562 Donna
405 530 512 561 Maria
538 530 579 561 de
606 528 732 567 Pionis,
758 538 877 561 omnes
904 529 1067 560 moniales
1109 528 1285 569 professae
1327 529 1405 560 dicti
1447 529 1640 560 monasterii
1677 531 1707 560 et
1745 529 1776 559 in
1813 537 1853 559 eo
1879 528 2078 566 residentes,

258 592 420 624 facientes
445 595 475 624 et
501 594 774 632 representantes
801 592 959 623 maiorem
986 594 1017 622 et
1043 591 1211 623 saniorem
1238 593 1365 631 partem
1392 593 1423 622 et
1449 591 1526 631 plus
1552 599 1652 631 quam
1679 591 1765 622 duas
1792 593 1905 631 partes
1929 599 1946 621 e
1972 590 2079 622 tribus

258 655 336 687 dicti
364 655 558 686 monasterii
585 657 616 686 et
640 654 791 694 capituli,
830 654 896 684 imo
933 656 1038 684 totum
1077 654 1188 694 ipsun]
1215 652 1409 694 Capitulum
1437 656 1470 685 ut
1497 655 1736 694 protestantur,
1763 653 1887 684 ibidem
1913 652 2077 693 capitula-

258 717 334 749 riter
359 719 585 757 congregatae
612 726 672 757 pro
699 716 846 756 negotiis
873 716 952 747 dicti
980 716 1174 747 monasterii
1200 718 1231 747 et
1257 716 1395 756 capituli
1423 716 1669 756 pertractandis
1694 718 1725 747 et
1751 715 1966 756 peragendis,
1991 717 2078 747 etc...

259 779 291 811 ln
318 780 435 820 primis
461 779 608 820 quidem,
635 779 792 810 dominae
819 777 1004 809 Abbatissa
1030 780 1061 809 et
1087 777 1268 815 Moniales,
1293 787 1368 809 cum
1395 778 1597 818 praesentia,
1623 778 1768 815 licentia,
1786 778 1995 815 auctoritate,
2021 786 2081 808 vo-

258 842 394 878 luntate,
422 841 584 881 parabula
621 844 652 871 et
692 849 862 872 consensu
906 840 1044 870 multum
1087 840 1261 871 reverendi
1288 842 1319 871 et
1346 840 1486 871 illustris
1527 840 1607 871 iuris
1646 840 1800 872 canonici
1828 840 1924 880 periti
1951 839 2078 871 domini

258 903 352 935 Pauli
380 903 578 934 Pallavicini
606 903 646 934 de
671 901 833 943 Scipiono
860 903 940 943 regii
966 902 1167 942 ducalisque
1194 902 1361 934 senatoris
1386 904 1487 942 atque
1514 902 1757 942 prothonotarii
1790 902 1983 943 apostolici,
2007 911 2081 943 per-

258 966 347 1007 petui
375 965 651 996 commendatarii
677 965 836 996 abbatiae
862 967 892 996 et
919 965 1114 996 monasterii
1158 965 1264 996 sancti
1307 963 1509 996 Lanfranclii
1547 967 1641 995 extra
1668 967 1699 995 et
1725 973 1831 1005 prope
1869 965 1977 995 menia
2004 973 2079 1005 pre-

257 1028 342 1059 dicte
383 1028 531 1059 civitatis
569 1026 684 1068 Papie,
725 1027 873 1067 ipsarum
916 1027 1127 1058 dominarum
1169 1026 1374 1058 Abbatissae
1399 1028 1432 1058 et
1469 1026 1670 1058 Monialium
1710 1027 1909 1067 superioris,
1945 1027 2080 1058 nomine

257 1091 363 1122 dictae
391 1090 568 1127 Abbatiae,
596 1090 639 1121 ibi
667 1090 846 1130 presentis,
872 1092 903 1120 et
929 1090 988 1127 eis,
1015 1089 1055 1120 de
1081 1092 1113 1120 et
1139 1098 1199 1130 pro
1226 1089 1408 1129 praedictis
1434 1092 1464 1120 et
1490 1088 1723 1129 infrascriptis,
1749 1097 1912 1129 expresse
1938 1097 2081 1121 consen-

256 1154 380 1190 tientis,
407 1153 479 1184 suis
505 1152 700 1183 nominibus
727 1152 874 1193 propriis
891 1160 929 1183 38
956 1152 1091 1183 1101111118
1116 1154 1147 1183 81
1173 1152 1247 1183 ν188
1274 1151 1435 1192 praedicti
1462 1151 1656 1182 monasterii
1675 1153 1706 1182 et
1724 1151 1861 1191 capituli
1882 1154 1974 1192 parte
1992 1160 2079 1189 una;

257 1219 287 1247 et
313 1215 454 1246 111111111111
483 1215 689 1246 reverendus
715 1215 879 1255 magister
905 1213 948 1245 10.
976 1213 1144 1245 Antonius
1185 1213 1387 1245 Marinonus
1427 1214 1704 1251 mediolanensis,
1730 1212 1954 1245 Provincialis
1979 1213 2081 1245 Here-

258 1278 411 1309 mitarurn
439 1277 545 1309 sancti
572 1276 752 1318 Augustini
792 1275 991 1308 Provinciae
1028 1276 1261 1314 Lombardiae,
1301 1276 1625 1315 commissariusque
1651 1277 1683 1307 et
1709 1275 1885 1316 delegatus
1910 1275 1952 1307 ad
1979 1275 2081 1307 infra-

257 1341 383 1380 scripta
420 1339 576 1371 facienda
604 1348 661 1380 per
687 1339 814 1370 litteras
851 1339 1125 1370 reverendissimi
1163 1338 1289 1369 domini
1331 1336 1533 1370 Christofori
1572 1336 1725 1369 Patavini
1763 1336 1902 1370 Ordinis
1939 1338 2079 1378 predicti

258 1402 501 1434 Heremitarum
543 1401 670 1433 Prioris
696 1400 885 1439 Generalis,
927 1402 1054 1433 tenoris
1096 1401 1302 1438 huiusmodi,
1344 1400 1522 1432 videlicet:
1548 1398 1665 1441 (segue
1689 1400 1712 1432 il
1736 1402 1818 1432 testo
1855 1400 1942 1432 della
1967 1400 2080 1432 lettera

261 1466 281 1496 7
302 1465 405 1505 aprile
434 1462 532 1503 1558)
557 1467 589 1496 et
615 1465 789 1496 reverendi
817 1466 930 1505 patres
956 1464 1115 1495 dominus
1141 1464 1302 1504 magister
1327 1463 1529 1495 Fortunatus
1554 1463 1595 1494 de
1622 1462 1754 1495 Cerano
1780 1462 1875 1494 Prior
1893 1465 2081 1495 conventus

257 1529 364 1560 sancti
392 1527 573 1568 Augustini
613 1527 855 1558 lleremitarum
898 1527 1070 1568 predictae
1106 1527 1254 1558 civitatis
1292 1525 1417 1566 Papiae
1443 1528 1474 1557 et
1500 1526 1658 1557 dominus
1692 1526 1851 1566 magister
1877 1525 2081 1558 Benedictus

257 1591 297 1621 de
325 1589 505 1626 Placentia,
541 1590 641 1621 ambo
683 1589 884 1621 diffinitores
922 1589 1093 1630 predictae
1135 1589 1332 1629 provinciae
1373 1588 1607 1626 Lombardiae,
1633 1591 1665 1620 et
1691 1588 1896 1620 reverendus
1922 1588 2080 1620 dominus

258 1653 420 1693 magister
445 1651 618 1692 Eugenius
644 1652 684 1683 de
712 1650 854 1683 Pisauro
891 1660 1011 1692 regens
1043 1660 1081 1682 ac
1119 1651 1325 1682 reverendus
1358 1651 1516 1681 dominus
1542 1650 1642 1682 frater
1669 1649 1796 1681 Paulus
1822 1650 2080 1682 castelionensis

258 1715 359 1746 ambo
385 1714 505 1746 sindici
532 1716 563 1745 et
589 1717 826 1755 procuratores
853 1714 1022 1755 speciales
1048 1716 1079 1745 et
1104 1713 1297 1754 specialiter
1321 1713 1364 1744 ad
1391 1712 1604 1753 infrascripta
1623 1713 1794 1744 constituti
1821 1722 1839 1744 a
1865 1713 2013 1753 capitulo
2032 1721 2081 1744 re-

257 1777 480 1808 verendorum
506 1779 537 1808 et
564 1777 808 1808 venerabilium
836 1777 963 1808 domini
991 1775 1118 1807 Prioris
1144 1778 1175 1807 et
1201 1775 1351 1806 Fratrum
1379 1775 1518 1815 predicti
1545 1775 1738 1806 monasterii
1765 1775 1871 1806 sancti
1899 1774 2079 1815 Augustini

261 1839 503 1870 Heremitarum
532 1838 670 1879 Papiae,
697 1841 796 1879 prout
822 1841 954 1870 constat
981 1839 1202 1870 instrumento
1229 1837 1417 1869 sindicatus
1444 1839 1560 1877 rogato
1595 1837 1755 1868 hodierna
1782 1837 1835 1868 die
1863 1846 1921 1877 per
1946 1846 1997 1868 me
2023 1846 2080 1868 no-

258 1901 388 1938 tarium,
414 1903 444 1932 et
470 1900 679 1932 reverendus
706 1901 865 1931 dominus
902 1900 1002 1931 trater
1039 1899 1246 1931 Lanfrancus
1272 1900 1313 1931 de
1340 1899 1472 1931 Varalis
1498 1898 1593 1930 Prior
1617 1908 1655 1930 ac
1682 1899 1886 1930 venerabilis
1922 1899 2081 1931 dominus

257 1963 356 1994 frater
383 1962 520 1995 Roclius
547 1962 587 1993 de
613 1961 829 2000 Camairan0‚
855 1962 955 1993 ambo
981 1962 1102 1993 sindici
1130 1965 1160 1993 et
1186 1964 1422 2002 procuratores
1448 1962 1643 1993 monasterii
1670 1963 1786 1993 sancte
1819 1961 1981 1993 Mustiole
2008 1970 2080 2002 pre-

259 2025 345 2057 dicte
370 2025 517 2056 civitatis
544 2024 681 2065 Papiae,
708 2025 749 2055 ad
777 2025 859 2056 11388
885 2034 903 2056 3
930 2025 1135 2056 monasterio
1161 2027 1192 2056 et
1216 2024 1365 2065 capitulo
1392 2026 1508 2055 sancte
1543 2023 1704 2055 Mustiole
1723 2024 1872 2064 predicte
1898 2024 2082 2062 constituti,

259 2090 292 2118 ut
318 2087 418 2118 latius
443 2088 546 2118 etiam
573 2089 705 2118 constat
748 2087 970 2118 instrumento
1008 2087 1148 2127 publico
1188 2088 1305 2127 rogato
1347 2087 1365 2117 11
1383 2087 1510 2117 111181113
1536 2086 1589 2117 (118
1617 2094 1675 2126 per
1700 2094 1750 2117 me
1777 2086 1943 2117 notarium
1982 2085 2082 2117 infra-

259 2150 434 2189 scriptum,
461 2149 651 2189 respective
677 2149 875 2187 refferendO,
901 2149 943 2180 ad
971 2148 1184 2189 infrascripta
1221 2148 1377 2180 facienda
1418 2149 1553 2180 nomine
1579 2150 1610 2179 et
1637 2148 1709 2179 vice
1736 2148 1963 2188 predictorum
2003 2157 2083 2180 con-

261 2214 420 2242 ventuum
447 2211 553 2242 sancti
581 2210 761 2251 Augustini
788 2213 818 2242 et
844 2213 959 2242 sancte
986 2210 1147 2242 Mustiole
1173 2213 1204 2242 et
1230 2211 1369 2252 predicti
1396 2211 1500 2242 totius
1526 2210 1666 2242 Ordinis
1683 2213 1714 2242 et
1730 2210 1914 2251 Religionis
1933 2210 2083 2242 Heremi—

260 2277 367 2305 tarum
393 2283 435 2305 ex
462 2274 526 2304 alia
554 2276 657 2314 parte,
684 2282 742 2305 seu
771 2274 926 2314 pluribus
967 2273 1132 2314 partibus,
1159 2282 1218 2314 per
1243 2276 1378 2314 pactum
1421 2273 1569 2314 speciale
1595 2276 1627 2304 et
1652 2281 1853 2313 expressum
1881 2273 1963 2304 inter
1989 2273 2083 2313 ipsas

261 2337 417 2367 dominas
443 2335 661 2367 Abbatissam
689 2339 720 2367 et
747 2336 927 2374 Moniales,
964 2345 1005 2367 ex
1048 2344 1113 2367 una
1151 2337 1244 2376 parte
1282 2336 1452 2373 videlicet,
1478 2338 1510 2367 et
1535 2335 1706 2376 predictos
1740 2335 1944 2366 reverendos
1970 2337 2083 2375 patres

262 2398 420 2429 dominos
447 2396 692 2429 Provincialem
719 2407 756 2429 ac
782 2397 993 2429 Diffinitores
1011 2396 1238 2438 Sindicosque
1264 2400 1295 2429 et
1321 2396 1560 2429 Procuratores
1585 2406 1626 2429 ex
1653 2397 1728 2435 alia,
1754 2406 1812 2428 seu
1839 2397 1993 2437 pluribus
2011 2406 2086 2438 par-

263 2461 364 2497 tibus,
383 2462 586 2491 conventum
613 2462 644 2491 et
670 2460 813 2491 solemni
833 2460 1052 2500 stipulatione
1080 2461 1155 2491 111118
1182 2460 1258 2491 111(18
1284 2460 1455 2497 ν3113111111,
1482 2462 1602 2500 sponte
1628 2462 1688 2491 etc.
1714 2462 1745 2490 et
1770 2468 1811 2491 ex
1831 2461 1918 2490 certa
1944 2460 2085 2491 scientia

264 2523 446 2562 animoque
472 2522 658 2553 deliberato
684 2524 715 2554 et
741 2522 832 2553 nullo
860 2523 940 2553 iuris
979 2522 1029 2553 vel
1068 2522 1145 2554 facti
1184 2531 1294 2554 errore
1320 2522 1418 2553 ducte
1444 2524 1475 2553 et
1501 2522 1602 2559 ducti,
1628 2523 1658 2553 et
1683 2522 1759 2553 aliis
1785 2522 1944 2553 omnibus
1969 2521 2085 2553 melio-

265 2585 358 2615 ribus
384 2585 463 2621 iure,
491 2585 555 2621 via,
583 2584 694 2622 mod0,
720 2593 823 2615 causa
849 2586 879 2615 et
905 2583 1011 2615 forma
1037 2584 1164 2624 quibus
1189 2584 1308 2625 magis,
1335 2583 1456 2615 melius
1470 2586 1501 2615 et
1519 2584 1666 2614 validius
1682 2585 1911 2624 potuerunt-et
1930 2585 2084 2624 possunt,

266 2651 490 2686 pervenerunt
515 2648 545 2677 et
572 2646 788 2683 devenerunt,
814 2655 851 2677 38
877 2647 1078 2686 ρ81ν8,.111111
1102 2649 1133 2677 81
1159 2647 1342 2678 deveniunt
1360 2646 1401 2677 ad
1422 2645 1656 2686 infrascriptas
1681 2646 1933 2683 concessiones,
1952 2654 2088 2686 separa-

266 2709 386 2746 tiones,
413 2709 566 2745 uniones,
592 2709 853 2749 applicationes,
879 2709 1136 2748 promissiones,
1162 2708 1408 2740 conventiones
1433 2710 1464 2739 et
1489 2710 1598 2748 pacta,
1639 2708 1833 2739 solemniter
1859 2707 2002 2739 invicem
2029 2707 2087 2739 sti-

268 2770 402 2810 pulatas
428 2772 458 2800 et
484 2769 655 2810 stipulata,
682 2779 756 2801 cum
783 2770 915 2801 licentia
942 2770 1018 2801 inde
1044 2768 1188 2802 Sanctae
1214 2768 1313 2802 Sedis
1340 2769 1558 2810 Apostolicae
1595 2772 1660 2801 13111
1699 2770 1873 2810 impetrata
1899 2778 2000 2809 quam
2027 2770 2086 2800 1111-

271 2832 444 2872 petranda,
471 2834 640 2872 quatenus
666 2833 864 2872 requiratur,
890 2834 921 2863 et
946 2833 1018 2864 sine
1045 2841 1122 2872 qua.
1160 2832 1215 2863 ubi
1254 2833 1476 2872 requireretur
1501 2834 1531 2863 et
1558 2831 1738 2872 precedere
1764 2831 1900 2863 deberet
1925 2834 1956 2863 et
1982 2832 2086 2872 impe—

269 2896 352 2924 trata
379 2903 444 2924 non
471 2894 682 2934 reperiretur,
703 2894 794 2926 nullo
814 2894 915 2925 inodo
933 2894 975 2925 ad
991 2896 1180 2934 presentem
1195 2896 1401 2926 contractum
1417 2894 1597 2925 devenisse
1613 2894 1789 2925 intendunt
1804 2896 1834 2924 et
1849 2895 2087 2934 protestantur,

270 2958 300 2986 et
327 2956 374 2986 sic
399 2959 430 2987 81
455 2965 495 2987 eo
521 2957 552 2987 in
579 2965 660 2988 83511
686 2955 785 2988 Sedis
812 2956 1030 2997 Apostolicae
1056 2957 1254 2988 auctoritate
1280 2956 1375 2988 salva
1401 2958 1432 2987 et
1458 2957 1640 2993 reservata,
1666 2957 1697 2986 et
1723 2956 1818 2995 prius
1843 2955 1941 2986 etiam
1961 2955 2088 2996 previis

271 3026 308 3048 ac
335 3018 596 3057 precedentibus
622 3019 730 3050 tribus
756 3019 954 3050 tractatibus
979 3021 1009 3050 et
1035 3018 1338 3050 deliberationibus
1378 3018 1465 3049 circa
1491 3018 1657 3058 premissa
1682 3020 1714 3049 et
1740 3016 1964 3059 infrascripta,
1990 3017 2088 3050 factis
