2305 3407
319 146 365 174 xl,

405 274 482 306 ltem
508 274 548 306 de
575 276 663 315 petia
689 284 755 307 una
781 279 886 308 terrae
912 277 996 317 prati
1023 277 1086 308 sita
1115 280 1148 308 ut
1174 285 1276 317 supra
1304 277 1359 308 ubi
1386 277 1507 309 dicitur
1531 279 1562 310 al
1581 283 1677 319 prato
1702 279 1755 310 del
1782 278 1924 316 Molino,
1949 281 2009 311 etc.
2036 279 2136 320 perti-

315 354 430 377 carum
455 346 498 378 55
524 346 575 378 vel
601 347 712 379 cirea:

405 417 482 450 ltem
502 419 542 450 de
561 420 690 451 iuribus
708 429 870 460 aquarum
890 419 1161 460 competentibus
1180 419 1279 450 dictis
1298 419 1397 450 bonis
1415 422 1447 451 et
1466 420 1613 460 prefatae
1644 420 1811 452 Dominae
1830 421 2006 453 venditrici
2026 422 2136 454 taliter

314 490 458 530 qualiter
482 494 678 531 competunt
703 494 734 522 et
759 494 925 531 spectant,
945 492 987 522 ita
1014 491 1105 531 quod
1126 491 1156 521 in
1182 491 1298 530 aliquo
1325 492 1474 531 predicta
1502 493 1670 525 venditrix
1698 503 1763 525 non
1782 496 1933 525 teneatur
1950 503 2010 534 pro
2034 494 2137 526 dictis

315 563 416 602 aquis
439 565 469 593 et
494 571 568 594 cum
595 572 695 594 onere
722 562 882 603 praefatis
908 561 981 594 DD.
1007 563 1218 603 emptoribus
1244 563 1399 594 solvendi
1426 561 1506 596 Rev.
1534 563 1605 596 DD.
1633 564 1755 597 Abbati
1782 568 1813 597 et
1840 566 1994 597 Monacis
2021 575 2137 598 mona-

316 635 406 665 sterii
434 633 466 666 S.
493 633 680 666 Salvatoris
708 634 833 675 Papiae
861 635 1025 666 redditum
1052 644 1200 666 annuum
1228 635 1384 666 librarum
1405 635 1521 675 viginti
1548 637 1688 668 duarum
1716 638 1951 678 imperialium,
1977 640 2037 669 etc.
2057 637 2135 669 ltem

317 705 357 737 de
382 706 540 737 omnibus
574 707 649 737 aliis
676 707 775 737 bonis
810 706 1050 743 immobilibus,
1076 706 1103 736 si
1138 714 1224 745 quae
1259 706 1357 737 habet
1392 706 1542 746 praefata
1569 706 1608 738 D.
1635 708 1802 740 venditrix
1832 709 1862 739 in
1889 708 1979 740 dicto
2005 709 2080 740 loco
2105 711 2137 740 et

316 778 480 808 territorio
506 776 697 813 Cortelone,
724 786 810 817 quae
838 777 1062 808 mensuranda
1089 780 1167 807 sunt
1192 786 1266 808 cum
1287 778 1529 818 suprascriptis
1554 782 1586 810 et
1605 780 1634 809 in
1663 780 1808 819 presenti
1829 780 2023 812 venditione
2049 789 2140 812 com·

316 848 581 888 prehenduntnr,
608 851 670 879 etc.
697 851 759 879 etc.

405 919 442 950 Et
470 920 530 950 hoc
557 928 616 959 pro
643 920 749 958 pretio
778 919 936 950 librarum
963 919 1187 960 quadraginta
1215 921 1437 960 imperialium
1473 930 1533 961 pro
1560 922 1693 962 singula
1720 923 1846 962 pertica
1874 931 1937 953 una
1972 931 2047 954 cum
2073 923 2139 954 alia

316 993 509 1031 computata
536 991 577 1021 ad
606 999 796 1021 mensuram
824 991 1023 1031 papiensem
1050 991 1162 1022 debite
1189 990 1375 1029 referendo,
1393 994 1423 1023 et
1448 993 1653 1032 computatis
1679 993 1843 1025 aedificiis
1869 994 1900 1024 in
1927 994 2062 1034 pertica.
2090 993 2138 1025 Ex

315 1072 382 1102 quo
408 1062 544 1102 quidem
573 1062 700 1101 praetio
727 1062 851 1093 ibidem
878 1062 1177 1102 praesentialiter...
1205 1063 1389 1094 exbursate
1415 1062 1548 1094 fuerunt
1567 1064 1671 1095 librae
1689 1066 1834 1104 quatuor
1861 1065 1948 1096 mille
1974 1066 2141 1106 quinque—

314 1136 446 1164 centum
474 1133 666 1173 imperiales
692 1132 863 1173 praefatae
890 1132 929 1164 D.
956 1133 1131 1164 venditrici
1159 1134 1326 1173 praesenti
1353 1136 1382 1165 et
1409 1134 1579 1165 confitenti
1607 1143 1665 1166 eas
1692 1135 1927 1167 habuisse...
1952 1137 1995 1167 ab
2021 1136 2140 1168 illustri

315 1208 345 1236 et
372 1204 515 1235 Multum
536 1204 614 1237 Rev.
636 1203 654 1235 l.
675 1202 712 1236 C.
742 1203 914 1245 Regioque
932 1207 962 1235 et
981 1203 1099 1235 Ducali
1119 1203 1282 1236 Senatore
1302 1203 1340 1235 D.
1361 1203 1466 1236 Paulo
1486 1203 1697 1237 Pallavicino
1724 1209 1913 1246 presente...
1939 1209 1970 1238 et
1988 1207 2140 1239 solvente

316 1277 494 1307 nomina...
522 1275 599 1308 Rev.
620 1274 693 1306 DD.
714 1274 918 1306 Abbatissae
944 1277 974 1306 et
1001 1275 1200 1306 Monialium
1229 1276 1422 1307 monasterii
1444 1276 1572 1307 Montis
1591 1275 1714 1307 Oliveti
1735 1275 1860 1317 Papiae
1878 1276 2018 1309 Ordinis
2037 1277 2143 1310 Vallis

315 1346 504 1379 Umbrosae
531 1355 633 1387 super
659 1347 766 1386 pretio
792 1349 823 1377 et
849 1355 909 1386 pro
936 1349 1029 1386 parte
1055 1347 1237 1378 solutionis
1263 1347 1380 1387 praetii
1408 1349 1598 1378 conventus
1631 1350 1767 1378 sanctae
1786 1348 1982 1380 Mustiollae
2008 1347 2145 1390 Papiae,

314 1420 400 1450 alias
427 1428 484 1459 per
511 1418 590 1452 Rev.
617 1421 648 1450 et
675 1419 756 1450 Ven.
785 1418 932 1450 Priorem
959 1422 991 1450 et
1011 1418 1141 1450 Fratres
1168 1418 1309 1459 praefati
1337 1420 1532 1450 monasterii
1553 1418 1584 1451 S.
1606 1419 1786 1460 Augustini
1806 1423 1836 1451 et
1863 1429 1921 1460 per
1938 1419 1977 1452 D.
1997 1419 2146 1452 Priorem

315 1493 346 1522 et
373 1490 504 1522 Fratres
531 1491 725 1522 monasterii
753 1489 784 1522 S.
806 1490 989 1522 Mustiolae
1016 1489 1158 1531 prefatis
1177 1490 1258 1523 Rev.
1278 1489 1350 1521 DD.
1379 1490 1584 1522 Abbatissae
1609 1493 1641 1521 et
1667 1490 1878 1523 Monialibus
1904 1492 2042 1527 venditi,
2061 1494 2147 1524 etc...

313 1566 344 1594 et
369 1562 455 1593 aliae
483 1562 586 1594 librae
621 1563 708 1594 duae
743 1562 831 1593 mille
866 1562 1059 1602 imperiales
1085 1562 1169 1593 alias
1203 1562 1335 1593 solutae
1371 1563 1506 1594 nomine
1540 1563 1722 1594 haeredum
1756 1563 1929 1603 quondam
1964 1563 2009 1594 lll.
2043 1566 2074 1594 et
2100 1563 2146 1594 M.

275 1665 278 1668 ,
318 1634 490 1674 Magnifici
518 1633 557 1664 D.
585 1634 746 1664 Ludovici
774 1633 971 1664 Pallavicini
997 1636 1062 1665 et...
1088 1634 1213 1665 exinde
1247 1634 1457 1674 depositae...
1485 1642 1624 1674 penes...
1651 1632 1690 1665 D.
1719 1633 1895 1666 Erasmum
1923 1634 1963 1666 de
1991 1633 2145 1666 Abdua...

317 1710 347 1739 et
373 1715 461 1738 nunc
487 1707 714 1737 exbursate....
746 1715 804 1745 per
834 1705 920 1736 Nob.
956 1704 994 1736 D.
1026 1705 1183 1737 loannem
1203 1706 1244 1737 de
1272 1705 1392 1737 Abdua
1418 1706 1522 1736 filium
1550 1705 1690 1746 praefati
1718 1706 1884 1747 magnifici
1912 1704 1951 1737 D.
1982 1705 2146 1737 Erasmi...

316 1788 402 1820 quae
429 1780 460 1809 in
488 1782 592 1809 totum
620 1777 747 1809 faciunt
774 1786 939 1809 summam
968 1777 1125 1808 librarum
1153 1786 1214 1809 sex
1243 1777 1331 1808 mille
1358 1778 1645 1817 quinquecentum
1673 1778 1907 1818 imperialium,
1933 1781 1996 1809 etc.

406 1850 542 1883 Restum
571 1859 649 1881 vero
676 1850 792 1890 praetii
820 1850 986 1881 dictorum
1015 1849 1180 1880 bonorum
1207 1849 1348 1889 praefati
1374 1848 1448 1880 DD.
1476 1848 1628 1881 Patres..
1646 1873 1672 1880 ..
1701 1850 1983 1890 promiserunt...
2010 1850 2089 1881 dare
2115 1851 2146 1881 et

314 1925 446 1956 solvere
473 1923 557 1954 infra
584 1931 692 1954 annos
719 1927 787 1954 tres
806 1923 959 1963 proxime
987 1922 1118 1953 futuros
1136 1931 1210 1953 cum
1230 1921 1389 1952 omnibus
1415 1922 1613 1961 expensis...
1641 1923 1671 1952 in
1701 1931 1776 1956 una.
1803 1922 1937 1953 duabus
1964 1922 2016 1953 vel
2036 1922 2145 1953 tribus

316 1997 459 2033 vicibus,
485 1995 670 2026 dummodo
704 2004 770 2025 non
805 1994 1007 2026 exbursetur
1041 1994 1149 2025 minor
1182 2002 1313 2025 summa
1347 1994 1505 2025 librarum
1533 1995 1672 2025 duarum
1707 1994 1796 2026 mille
1830 1994 2052 2035 imperialium
2086 2003 2146 2035 pro

315 2069 447 2110 singula
475 2069 558 2106 vice,
584 2070 615 2098 et
640 2076 714 2098 cum
742 2068 802 2098 bac
829 2067 1034 2104 conditione,
1054 2066 1126 2107 lege
1152 2068 1182 2098 et
1201 2068 1301 2106 pacto
1327 2066 1420 2107 quod
1447 2074 1512 2097 non
1532 2068 1709 2097 censeatur
1733 2065 1932 2097 translatum
1959 2066 2145 2097 dominium

315 2142 478 2172 dictorum
506 2141 670 2171 bonorum
705 2139 767 2170 nisi
794 2139 835 2170 ad
871 2141 975 2170 ratam
1010 2147 1070 2178 pro
1095 2138 1209 2169 debita
1244 2140 1313 2169 rata
1339 2138 1419 2170 dicti
1454 2138 1570 2178 praetii
1604 2138 1778 2169 exbursati
1813 2139 1847 2168 ut
1880 2146 1994 2178 supra,
2019 2140 2081 2169 etc.
2108 2137 2147 2169 Et

316 2222 359 2253 qu
376 2213 476 2243 vniam
504 2220 569 2243 non
596 2214 646 2242 est
672 2211 881 2242 conveniens
907 2210 998 2250 quod
1025 2210 1105 2241 dicti
1133 2209 1213 2243 Rev.
1240 2210 1419 2250 Emptores
1444 2218 1504 2240 seu
1532 2209 1777 2241 Monasterium
1803 2209 1974 2250 gaudeant
1999 2209 2099 2241 bonis
2116 2211 2148 2241 et

316 2284 457 2325 praetio,
484 2283 559 2314 ideo
592 2284 825 2314 convenerunt
855 2281 947 2322 quod
981 2282 1046 2322 ipsi
1073 2283 1339 2313 teneantur....
1373 2281 1507 2313 solvere
1538 2281 1701 2312 interesse
1731 2281 1810 2312 dicti
1846 2280 2003 2312 restantis
2029 2280 2146 2321 praetii

317 2355 488 2396 predictae
515 2353 553 2385 D.
582 2353 757 2384 venditrici
784 2353 826 2385 ad
853 2354 1049 2393 computum
1077 2352 1235 2384 librarum
1270 2353 1419 2393 quinque
1454 2352 1676 2392 imperialium
1704 2361 1764 2392 pro
1794 2351 1929 2392 singulo
1954 2351 2147 2383 centenario

317 2426 475 2457 librarum
509 2426 597 2456 omni
625 2434 724 2459 anno,
751 2424 947 2465 incipiendo
981 2433 1105 2455 annum
1137 2425 1168 2455 in
1203 2424 1290 2456 festo
1324 2423 1356 2456 S.
1392 2424 1526 2456 Martini
1561 2425 1714 2464 proxime
1744 2423 1857 2455 futuro
1886 2425 1918 2454 et
1951 2422 2147 2463 incipiendo

317 2497 522 2528 solutionem
550 2497 580 2527 in
607 2496 695 2528 festo
721 2495 753 2528 S.
781 2496 916 2527 Martini
951 2496 1029 2527 anni
1060 2495 1152 2533 1566,
1178 2498 1238 2527 etc.

409 2568 485 2599 ltem
506 2571 603 2608 pacto
622 2568 713 2608 quod
733 2570 864 2599 restans
890 2568 1055 2608 praetium
1075 2568 1116 2598 de
1135 2576 1202 2607 quo
1229 2575 1332 2608 supra
1359 2567 1549 2607 implicetur
1575 2575 1634 2607 per
1659 2565 1842 2607 praefatam
1869 2564 1908 2596 D.
1928 2565 2147 2597 venditricem

318 2640 349 2670 in
377 2640 581 2679 proprietate
609 2639 731 2670 idonea
759 2648 818 2679 pro
844 2640 1000 2671 cautione
1027 2639 1255 2680 praefatorum
1283 2638 1347 2671 RR.
1375 2637 1447 2669 DD.
1475 2638 1682 2679 Emptorum,
1707 2640 1768 2669 etc.

408 2711 486 2742 ltem
513 2713 611 2751 pacto
638 2713 670 2741 ut
697 2719 800 2751 supra
828 2711 919 2750 quod
946 2711 1035 2742 dicta
1055 2711 1143 2743 bona
1170 2713 1405 2743 mensurentur
1430 2710 1594 2750 expensis
1613 2708 1784 2750 praefatae
1803 2707 1843 2740 D.
1863 2709 2061 2740 venditricis
2086 2717 2146 2749 per

317 2782 404 2814 Nob.
425 2782 464 2814 D.
484 2782 617 2814 Petrum
639 2782 781 2814 Mariam
808 2783 895 2814 della
914 2783 1007 2814 Valle
1033 2783 1299 2824 agrimensorem
1317 2780 1484 2814 Comunis
1509 2780 1636 2821 Papiae
1650 2782 1692 2812 vet
1707 2780 1856 2821 ipsarum
1883 2781 2026 2821 partium
2045 2780 2148 2812 confi-

317 2855 452 2887 dentem
478 2855 521 2886 ad
547 2864 738 2887 mensuram
766 2855 965 2895 papiensem
993 2857 1026 2886 ut
1054 2863 1158 2895 supra
1187 2855 1263 2886 hinc
1289 2854 1332 2885 ad
1358 2853 1481 2885 festum
1508 2851 1540 2884 S.
1559 2851 1697 2884 Martini
1725 2852 1878 2892 proxime
1903 2851 2061 2890 futurum,
2087 2854 2148 2883 etc.

406 2926 484 2958 ltem
510 2928 610 2967 pacto
636 2929 670 2958 ut
696 2935 799 2967 supra
833 2926 924 2966 quod
957 2925 1087 2957 fructus
1121 2925 1311 2966 praesentis
1336 2925 1413 2956 anni
1445 2924 1567 2956 finituri
1595 2924 1626 2954 in
1653 2923 1740 2955 festo
1765 2921 1798 2955 S.
1826 2923 1961 2955 Martini
1992 2923 2146 2963 proxime

319 2998 435 3031 futuro
459 2998 524 3030 sint
557 2997 729 3038 praefatae
756 2996 795 3029 D.
822 2997 1031 3029 venditricis.
1058 2998 1119 3028 etc.
