<?xml version="1.0" encoding="UTF-8"?>
<!DOCTYPE html PUBLIC "-//W3C//DTD XHTML 1.0 Transitional//EN"
    "http://www.w3.org/TR/xhtml1/DTD/xhtml1-transitional.dtd">
<html xmlns="http://www.w3.org/1999/xhtml" xml:lang="en" lang="en">
 <head>
  <title>
</title>
<meta http-equiv="Content-Type" content="text/html;charset=utf-8" />
  <meta name='ocr-system' content='tesseract 3.04.00' />
  <meta name='ocr-capabilities' content='ocr_page ocr_carea ocr_par ocr_line ocrx_word'/>
</head>
<body>
  <div class='ocr_page' id='page_1' title='image "./codexdiplomaticu03maiouoft_0118.png"; bbox 0 0 2305 3407; ppageno 0'>
   <div class='ocr_carea' id='block_1_1' title="bbox 256 163 299 195">
    <p class='ocr_par' dir='ltr' id='par_1_1' title="bbox 256 163 299 195">
     <span class='ocr_line' id='line_1_1' title="bbox 256 163 299 195; baseline 0 0"><span class='ocrx_word' id='word_1_1' title='bbox 256 163 299 195; x_wconf 88' lang='lat'><strong>58</strong></span> 
     </span>
    </p>
   </div>
   <div class='ocr_carea' id='block_1_2' title="bbox 257 294 2081 585">
    <p class='ocr_par' dir='ltr' id='par_1_2' title="bbox 257 294 2081 585">
     <span class='ocr_line' id='line_1_2' title="bbox 257 294 2076 337; baseline -0.001 -9"><span class='ocrx_word' id='word_1_2' title='bbox 257 297 394 333; x_wconf 89' lang='lat' dir='ltr'><strong>dictum,</strong></span> <span class='ocrx_word' id='word_1_3' title='bbox 420 295 556 333; x_wconf 80' lang='lat' dir='ltr'><strong>factum,</strong></span> <span class='ocrx_word' id='word_1_4' title='bbox 581 298 724 337; x_wconf 90' lang='lat' dir='ltr'><strong>gestum,</strong></span> <span class='ocrx_word' id='word_1_5' title='bbox 750 298 928 327; x_wconf 84' lang='lat' dir='ltr'>executum</span> <span class='ocrx_word' id='word_1_6' title='bbox 955 298 986 327; x_wconf 91' lang='lat' dir='ltr'><strong>et</strong></span> <span class='ocrx_word' id='word_1_7' title='bbox 1013 297 1225 336; x_wconf 88' lang='lat' dir='ltr'><strong>procuratum</strong></span> <span class='ocrx_word' id='word_1_8' title='bbox 1262 294 1371 333; x_wconf 79' lang='lat' dir='ltr'><strong>fuerit,</strong></span> <span class='ocrx_word' id='word_1_9' title='bbox 1405 295 1544 336; x_wconf 82' lang='lat' dir='ltr'><strong>perinde</strong></span> <span class='ocrx_word' id='word_1_10' title='bbox 1570 304 1607 326; x_wconf 89' lang='lat' dir='ltr'><strong>ac</strong></span> <span class='ocrx_word' id='word_1_11' title='bbox 1633 295 1660 326; x_wconf 92' lang='lat' dir='ltr'><strong>si</strong></span> <span class='ocrx_word' id='word_1_12' title='bbox 1687 304 1726 326; x_wconf 86' lang='lat' dir='ltr'><strong>ea</strong></span> <span class='ocrx_word' id='word_1_13' title='bbox 1751 295 1863 326; x_wconf 87' lang='lat' dir='ltr'><strong>omnia</strong></span> <span class='ocrx_word' id='word_1_14' title='bbox 1888 297 1919 326; x_wconf 94' lang='lat' dir='ltr'><strong>et</strong></span> <span class='ocrx_word' id='word_1_15' title='bbox 1944 295 2076 337; x_wconf 86' lang='lat' dir='ltr'><strong>singula</strong></span> 
     </span>
     <span class='ocr_line' id='line_1_3' title="bbox 257 356 2077 399; baseline -0.001 -9"><span class='ocrx_word' id='word_1_16' title='bbox 257 367 315 399; x_wconf 90' lang='lat' dir='ltr'><strong>per</strong></span> <span class='ocrx_word' id='word_1_17' title='bbox 340 367 405 389; x_wconf 88' lang='lat' dir='ltr'><strong>non</strong></span> <span class='ocrx_word' id='word_1_18' title='bbox 433 359 528 398; x_wconf 90' lang='lat' dir='ltr'><strong>ipsos</strong></span> <span class='ocrx_word' id='word_1_19' title='bbox 554 358 745 398; x_wconf 81' lang='lat' dir='ltr'>specialiter</span> <span class='ocrx_word' id='word_1_20' title='bbox 770 357 858 389; x_wconf 85' lang='lat' dir='ltr'><strong>tacta</strong></span> <span class='ocrx_word' id='word_1_21' title='bbox 884 357 1088 389; x_wconf 83' lang='lat' dir='ltr'>extitissent.</span> <span class='ocrx_word' id='word_1_22' title='bbox 1115 356 1148 388; x_wconf 92' lang='lat' dir='ltr'><strong>ln</strong></span> <span class='ocrx_word' id='word_1_23' title='bbox 1175 365 1317 397; x_wconf 83' lang='lat' dir='ltr'><strong>quorum</strong></span> <span class='ocrx_word' id='word_1_24' title='bbox 1355 357 1503 388; x_wconf 91' lang='lat' dir='ltr'><strong>omnium</strong></span> <span class='ocrx_word' id='word_1_25' title='bbox 1538 357 1637 388; x_wconf 64' lang='lat' dir='ltr'><strong>fidtm</strong></span> <span class='ocrx_word' id='word_1_26' title='bbox 1664 357 1725 388; x_wconf 78' lang='lat' dir='ltr'><strong>lias</strong></span> <span class='ocrx_word' id='word_1_27' title='bbox 1751 359 1905 397; x_wconf 88' lang='lat' dir='ltr'><strong>patentes</strong></span> <span class='ocrx_word' id='word_1_28' title='bbox 1941 357 2077 395; x_wconf 86' lang='lat' dir='ltr'><strong>litteras,</strong></span> 
     </span>
     <span class='ocr_line' id='line_1_4' title="bbox 258 419 2076 460; baseline -0.002 -9"><span class='ocrx_word' id='word_1_29' title='bbox 258 423 371 452; x_wconf 89' lang='lat' dir='ltr'><strong>nostra</strong></span> <span class='ocrx_word' id='word_1_30' title='bbox 398 429 496 451; x_wconf 87' lang='lat' dir='ltr'><strong>manu</strong></span> <span class='ocrx_word' id='word_1_31' title='bbox 523 420 737 460; x_wconf 88' lang='lat' dir='ltr'><strong>subscriptas</strong></span> <span class='ocrx_word' id='word_1_32' title='bbox 762 422 793 451; x_wconf 86' lang='lat' dir='ltr'><strong>et</strong></span> <span class='ocrx_word' id='word_1_33' title='bbox 819 420 958 451; x_wconf 89' lang='lat' dir='ltr'><strong>minoris</strong></span> <span class='ocrx_word' id='word_1_34' title='bbox 983 428 1051 459; x_wconf 84' lang='lat' dir='ltr'><strong>quo</strong></span> <span class='ocrx_word' id='word_1_35' title='bbox 1078 420 1200 450; x_wconf 91' lang='lat' dir='ltr'><strong>utimur</strong></span> <span class='ocrx_word' id='word_1_36' title='bbox 1236 419 1336 460; x_wconf 85' lang='lat' dir='ltr'><strong>sigilli</strong></span> <span class='ocrx_word' id='word_1_37' title='bbox 1364 419 1587 460; x_wconf 85' lang='lat' dir='ltr'><strong>impressione</strong></span> <span class='ocrx_word' id='word_1_38' title='bbox 1618 419 1774 454; x_wconf 80' lang='lat' dir='ltr'><strong>munitas,</strong></span> <span class='ocrx_word' id='word_1_39' title='bbox 1803 419 1872 451; x_wconf 88' lang='lat' dir='ltr'><strong>tieri</strong></span> <span class='ocrx_word' id='word_1_40' title='bbox 1904 420 2076 451; x_wconf 89' lang='lat' dir='ltr'><strong>iussimus.</strong></span> 
     </span>
     <span class='ocr_line' id='line_1_5' title="bbox 259 479 2081 523; baseline 0 -9"><span class='ocrx_word' id='word_1_41' title='bbox 259 481 333 514; x_wconf 88' lang='lat' dir='ltr'><strong>Dat.</strong></span> <span class='ocrx_word' id='word_1_42' title='bbox 360 480 556 523; x_wconf 83' lang='lat' dir='ltr'><strong>Caprarole,</strong></span> <span class='ocrx_word' id='word_1_43' title='bbox 582 482 635 514; x_wconf 92' lang='lat' dir='ltr'><strong>die</strong></span> <span class='ocrx_word' id='word_1_44' title='bbox 663 482 779 513; x_wconf 89' lang='lat' dir='ltr'><strong>ultimo</strong></span> <span class='ocrx_word' id='word_1_45' title='bbox 818 482 944 513; x_wconf 87' lang='lat' dir='ltr'><strong>mensis</strong></span> <span class='ocrx_word' id='word_1_46' title='bbox 970 480 1126 523; x_wconf 78' lang='lat' dir='ltr'><strong>Augusti,</strong></span> <span class='ocrx_word' id='word_1_47' title='bbox 1158 481 1250 513; x_wconf 88' lang='lat'>1509.</span> <span class='ocrx_word' id='word_1_48' title='bbox 1277 480 1313 514; x_wconf 78' lang='lat' dir='ltr'><strong>R.</strong></span> <span class='ocrx_word' id='word_1_49' title='bbox 1340 479 1532 513; x_wconf 88' lang='lat' dir='ltr'><strong>Cardinalis</strong></span> <span class='ocrx_word' id='word_1_50' title='bbox 1570 482 1675 513; x_wconf 87' lang='lat' dir='ltr'><strong>sancti</strong></span> <span class='ocrx_word' id='word_1_51' title='bbox 1702 479 1840 522; x_wconf 85' lang='lat' dir='ltr'><strong>Georgii</strong></span> <span class='ocrx_word' id='word_1_52' title='bbox 1866 479 2081 514; x_wconf 81' lang='lat' dir='ltr'><strong>Camerarius</strong></span> 
     </span>
     <span class='ocr_line' id='line_1_6' title="bbox 260 541 1672 585; baseline 0 -10"><span class='ocrx_word' id='word_1_53' title='bbox 260 553 359 575; x_wconf 90' lang='lat' dir='ltr'><strong>manu</strong></span> <span class='ocrx_word' id='word_1_54' title='bbox 401 545 547 585; x_wconf 76' lang='lat' dir='ltr'><strong>propria,</strong></span> <span class='ocrx_word' id='word_1_55' title='bbox 573 546 604 576; x_wconf 79' lang='lat' dir='ltr'><strong>et</strong></span> <span class='ocrx_word' id='word_1_56' title='bbox 627 544 808 585; x_wconf 78' lang='lat' dir='ltr'><strong>subscrIpte</strong></span> <span class='ocrx_word' id='word_1_57' title='bbox 828 552 890 584; x_wconf 82' lang='lat' dir='ltr'><strong>per</strong></span> <span class='ocrx_word' id='word_1_58' title='bbox 912 543 1092 575; x_wconf 81' lang='lat' dir='ltr'><strong>iohannem</strong></span> <span class='ocrx_word' id='word_1_59' title='bbox 1120 542 1333 575; x_wconf 90' lang='lat' dir='ltr'><strong>Dominicum</strong></span> <span class='ocrx_word' id='word_1_60' title='bbox 1362 543 1585 575; x_wconf 87' lang='lat' dir='ltr'><strong>Manilianum</strong></span> <span class='ocrx_word' id='word_1_61' title='bbox 1611 541 1672 583; x_wconf 92' lang='lat' dir='ltr'><strong>(l).</strong></span> 
     </span>
    </p>
   </div>
   <div class='ocr_carea' id='block_1_3' title="bbox 1040 744 1311 785">
    <p class='ocr_par' dir='ltr' id='par_1_3' title="bbox 1040 744 1311 785">
     <span class='ocr_line' id='line_1_7' title="bbox 1040 744 1311 785; baseline 0 -2"><span class='ocrx_word' id='word_1_62' title='bbox 1040 744 1311 785; x_wconf 91' lang='lat' dir='ltr'>DCCXIII.</span> 
     </span>
    </p>
   </div>
   <div class='ocr_carea' id='block_1_4' title="bbox 349 852 2080 889">
    <p class='ocr_par' dir='ltr' id='par_1_4' title="bbox 349 852 2080 889">
     <span class='ocr_line' id='line_1_8' title="bbox 349 852 2080 889; baseline -0.001 -7"><span class='ocrx_word' id='word_1_63' title='bbox 349 854 375 882; x_wconf 94' lang='lat'><strong>11</strong></span> <span class='ocrx_word' id='word_1_64' title='bbox 395 854 603 882; x_wconf 83' lang='lat' dir='ltr'><strong>Professore</strong></span> <span class='ocrx_word' id='word_1_65' title='bbox 621 854 875 882; x_wconf 83' lang='lat' dir='ltr'><strong>universitario</strong></span> <span class='ocrx_word' id='word_1_66' title='bbox 894 854 1096 882; x_wconf 84' lang='lat' dir='ltr'><strong>Francesco</strong></span> <span class='ocrx_word' id='word_1_67' title='bbox 1115 853 1295 882; x_wconf 84' lang='lat' dir='ltr'><strong>Mat-chesi</strong></span> <span class='ocrx_word' id='word_1_68' title='bbox 1314 853 1435 889; x_wconf 87' lang='lat' dir='ltr'><strong>elegge</strong></span> <span class='ocrx_word' id='word_1_69' title='bbox 1453 853 1487 881; x_wconf 84' lang='lat' dir='ltr'><strong>la</strong></span> <span class='ocrx_word' id='word_1_70' title='bbox 1506 861 1570 881; x_wconf 86' lang='lat' dir='ltr'><strong>sua</strong></span> <span class='ocrx_word' id='word_1_71' title='bbox 1589 853 1771 889; x_wconf 88' lang='lat' dir='ltr'><strong>sepoltura</strong></span> <span class='ocrx_word' id='word_1_72' title='bbox 1789 852 1823 880; x_wconf 87' lang='lat' dir='ltr'><strong>in</strong></span> <span class='ocrx_word' id='word_1_73' title='bbox 1842 853 1877 881; x_wconf 90' lang='lat' dir='ltr'><strong>S.</strong></span> <span class='ocrx_word' id='word_1_74' title='bbox 1897 852 2080 888; x_wconf 84' lang='lat' dir='ltr'><strong>Agostino.</strong></span> 
     </span>
    </p>
   </div>
   <div class='ocr_carea' id='block_1_5' title="bbox 847 966 1501 998">
    <p class='ocr_par' dir='ltr' id='par_1_5' title="bbox 847 966 1501 998">
     <span class='ocr_line' id='line_1_9' title="bbox 847 966 1501 998; baseline 0 -7"><span class='ocrx_word' id='word_1_75' title='bbox 847 967 866 991; x_wconf 89' lang='lat'>1</span> <span class='ocrx_word' id='word_1_76' title='bbox 873 967 1003 996; x_wconf 71' lang='lat'>509,</span> <span class='ocrx_word' id='word_1_77' title='bbox 1036 967 1377 998; x_wconf 62' lang='lat' dir='ltr'><strong>setterrxl)re‚</strong></span> <span class='ocrx_word' id='word_1_78' title='bbox 1411 966 1501 991; x_wconf 74' lang='lat'><strong>27.</strong></span> 
     </span>
    </p>
   </div>
   <div class='ocr_carea' id='block_1_6' title="bbox 784 1054 1563 1075">
    <p class='ocr_par' dir='ltr' id='par_1_6' title="bbox 784 1054 1563 1075">
     <span class='ocr_line' id='line_1_10' title="bbox 784 1054 1563 1075; baseline 0 0"><span class='ocrx_word' id='word_1_79' title='bbox 784 1054 862 1075; x_wconf 34' lang='lat' dir='ltr'><strong>{Archi</strong></span> <span class='ocrx_word' id='word_1_80' title='bbox 879 1055 960 1075; x_wconf 66' lang='lat' dir='ltr'><strong>Notar,</strong></span> <span class='ocrx_word' id='word_1_81' title='bbox 977 1054 998 1075; x_wconf 90' lang='lat' dir='ltr'><strong>di</strong></span> <span class='ocrx_word' id='word_1_82' title='bbox 1017 1054 1087 1075; x_wconf 78' lang='lat' dir='ltr'><strong>Pavia</strong></span> <span class='ocrx_word' id='word_1_83' title='bbox 1104 1065 1127 1068; x_wconf 87' lang='lat'><strong>—-</strong></span> <span class='ocrx_word' id='word_1_84' title='bbox 1144 1055 1191 1075; x_wconf 88' lang='lat' dir='ltr'><strong>Atti</strong></span> <span class='ocrx_word' id='word_1_85' title='bbox 1208 1055 1230 1075; x_wconf 85' lang='lat' dir='ltr'><strong>di</strong></span> <span class='ocrx_word' id='word_1_86' title='bbox 1246 1054 1304 1075; x_wconf 82' lang='lat' dir='ltr'><strong>Gian</strong></span> <span class='ocrx_word' id='word_1_87' title='bbox 1322 1054 1422 1075; x_wconf 82' lang='lat' dir='ltr'><strong>Battista</strong></span> <span class='ocrx_word' id='word_1_88' title='bbox 1440 1054 1542 1075; x_wconf 86' lang='lat' dir='ltr'><strong>lmodelli</strong></span> <span class='ocrx_word' id='word_1_89' title='bbox 1561 1071 1563 1075; x_wconf 37' lang='lat' dir='ltr'><strong>i</strong></span> 
     </span>
    </p>
   </div>
   <div class='ocr_carea' id='block_1_7' title="bbox 262 1235 2090 1792">
    <p class='ocr_par' dir='ltr' id='par_1_7' title="bbox 330 1235 2090 1418">
     <span class='ocr_line' id='line_1_11' title="bbox 331 1235 2087 1356; baseline 0 -72"><span class='ocrx_word' id='word_1_90' title='bbox 331 1239 453 1356; x_wconf 87' lang='lat' dir='ltr'>N</span> <span class='ocrx_word' id='word_1_91' title='bbox 502 1235 599 1286; x_wconf 56' lang='lat' dir='ltr'><strong>ELLA</strong></span> <span class='ocrx_word' id='word_1_92' title='bbox 624 1261 705 1284; x_wconf 80' lang='lat' dir='ltr'><strong>cosa</strong></span> <span class='ocrx_word' id='word_1_93' title='bbox 731 1252 784 1284; x_wconf 82' lang='lat' dir='ltr'><strong>del</strong></span> <span class='ocrx_word' id='word_1_94' title='bbox 808 1254 972 1290; x_wconf 78' lang='lat' dir='ltr'><strong>testatore,</strong></span> <span class='ocrx_word' id='word_1_95' title='bbox 998 1253 1030 1284; x_wconf 83' lang='lat' dir='ltr'><strong>in</strong></span> <span class='ocrx_word' id='word_1_96' title='bbox 1056 1252 1257 1284; x_wconf 70' lang='lat' dir='ltr'><strong>Parrocclzta</strong></span> <span class='ocrx_word' id='word_1_97' title='bbox 1282 1252 1317 1284; x_wconf 80' lang='lat' dir='ltr'><strong>cii</strong></span> <span class='ocrx_word' id='word_1_98' title='bbox 1341 1251 1374 1284; x_wconf 89' lang='lat' dir='ltr'><strong>S.</strong></span> <span class='ocrx_word' id='word_1_99' title='bbox 1401 1251 1616 1283; x_wconf 73' lang='lat' dir='ltr'><strong>Pantoleone.</strong></span> <span class='ocrx_word' id='word_1_100' title='bbox 1648 1252 1858 1284; x_wconf 79' lang='lat' dir='ltr'><strong>Testamento</strong></span> <span class='ocrx_word' id='word_1_101' title='bbox 1884 1251 1970 1284; x_wconf 81' lang='lat' dir='ltr'><strong>dello</strong></span> <span class='ocrx_word' id='word_1_102' title='bbox 1988 1260 2087 1293; x_wconf 90' lang='lat' dir='ltr'><strong>spee-</strong></span> 
     </span>
     <span class='ocr_line' id='line_1_12' title="bbox 531 1314 2086 1355; baseline 0 -9"><span class='ocrx_word' id='word_1_103' title='bbox 531 1315 645 1346; x_wconf 87' lang='lat' dir='ltr'><strong>tabilis</strong></span> <span class='ocrx_word' id='word_1_104' title='bbox 671 1315 797 1346; x_wconf 85' lang='lat' dir='ltr'><strong>arcium</strong></span> <span class='ocrx_word' id='word_1_105' title='bbox 823 1317 854 1346; x_wconf 89' lang='lat' dir='ltr'><strong>et</strong></span> <span class='ocrx_word' id='word_1_106' title='bbox 881 1315 1048 1346; x_wconf 88' lang='lat' dir='ltr'><strong>medicine</strong></span> <span class='ocrx_word' id='word_1_107' title='bbox 1075 1315 1225 1346; x_wconf 88' lang='lat' dir='ltr'><strong>doctoris</strong></span> <span class='ocrx_word' id='word_1_108' title='bbox 1252 1315 1379 1346; x_wconf 90' lang='lat' dir='ltr'><strong>domini</strong></span> <span class='ocrx_word' id='word_1_109' title='bbox 1406 1315 1557 1355; x_wconf 85' lang='lat' dir='ltr'><strong>magistri</strong></span> <span class='ocrx_word' id='word_1_110' title='bbox 1596 1314 1767 1346; x_wconf 70' lang='lat' dir='ltr'><strong>francisci</strong></span> <span class='ocrx_word' id='word_1_111' title='bbox 1793 1315 1834 1346; x_wconf 92' lang='lat' dir='ltr'><strong>de</strong></span> <span class='ocrx_word' id='word_1_112' title='bbox 1861 1314 2086 1353; x_wconf 88' lang='lat' dir='ltr'><strong>Marchixiis‚</strong></span> 
     </span>
     <span class='ocr_line' id='line_1_13' title="bbox 330 1376 2090 1418; baseline 0 -9"><span class='ocrx_word' id='word_1_113' title='bbox 330 1413 358 1415; x_wconf 28' lang='grc' dir='ltr'>ᾖ</span> <span class='ocrx_word' id='word_1_114' title='bbox 529 1379 587 1410; x_wconf 86' lang='lat' dir='ltr'><strong>filii</strong></span> <span class='ocrx_word' id='word_1_115' title='bbox 614 1378 787 1418; x_wconf 82' lang='lat' dir='ltr'><strong>quondam</strong></span> <span class='ocrx_word' id='word_1_116' title='bbox 814 1378 940 1409; x_wconf 89' lang='lat' dir='ltr'><strong>domini</strong></span> <span class='ocrx_word' id='word_1_117' title='bbox 968 1377 1115 1410; x_wconf 80' lang='lat' dir='ltr'><strong>Antonii.</strong></span> <span class='ocrx_word' id='word_1_118' title='bbox 1143 1378 1230 1409; x_wconf 92' lang='lat' dir='ltr'><strong>civis</strong></span> <span class='ocrx_word' id='word_1_119' title='bbox 1256 1380 1286 1409; x_wconf 92' lang='lat' dir='ltr'><strong>et</strong></span> <span class='ocrx_word' id='word_1_120' title='bbox 1313 1378 1514 1409; x_wconf 84' lang='lat' dir='ltr'><strong>habitatoris</strong></span> <span class='ocrx_word' id='word_1_121' title='bbox 1540 1376 1656 1418; x_wconf 87' lang='lat' dir='ltr'><strong>Papie,</strong></span> <span class='ocrx_word' id='word_1_122' title='bbox 1696 1379 1773 1409; x_wconf 89' lang='lat' dir='ltr'><strong>actu</strong></span> <span class='ocrx_word' id='word_1_123' title='bbox 1811 1377 1955 1418; x_wconf 86' lang='lat' dir='ltr'><strong>legentis</strong></span> <span class='ocrx_word' id='word_1_124' title='bbox 1991 1376 2090 1410; x_wconf 90' lang='lat' dir='ltr'><strong>Ordi-</strong></span> 
     </span>
    </p>

    <p class='ocr_par' dir='ltr' id='par_1_8' title="bbox 263 1439 2087 1481">
     <span class='ocr_line' id='line_1_14' title="bbox 263 1439 2087 1481; baseline 0.001 -10"><span class='ocrx_word' id='word_1_125' title='bbox 263 1441 389 1472; x_wconf 86' lang='lat' dir='ltr'><strong>nariam</strong></span> <span class='ocrx_word' id='word_1_126' title='bbox 417 1441 581 1473; x_wconf 82' lang='lat' dir='ltr'><strong>Theorice</strong></span> <span class='ocrx_word' id='word_1_127' title='bbox 607 1441 648 1472; x_wconf 90' lang='lat' dir='ltr'><strong>de</strong></span> <span class='ocrx_word' id='word_1_128' title='bbox 675 1449 771 1472; x_wconf 88' lang='lat' dir='ltr'><strong>mane</strong></span> <span class='ocrx_word' id='word_1_129' title='bbox 798 1441 828 1471; x_wconf 91' lang='lat' dir='ltr'><strong>in</strong></span> <span class='ocrx_word' id='word_1_130' title='bbox 856 1440 942 1472; x_wconf 82' lang='lat' dir='ltr'><strong>felici</strong></span> <span class='ocrx_word' id='word_1_131' title='bbox 970 1439 1159 1481; x_wconf 86' lang='lat' dir='ltr'><strong>Gymnasio</strong></span> <span class='ocrx_word' id='word_1_132' title='bbox 1185 1441 1353 1481; x_wconf 84' lang='lat' dir='ltr'><strong>papiensi,</strong></span> <span class='ocrx_word' id='word_1_133' title='bbox 1378 1440 1432 1471; x_wconf 88' lang='lat' dir='ltr'><strong>nel</strong></span> <span class='ocrx_word' id='word_1_134' title='bbox 1455 1440 1554 1480; x_wconf 80' lang='lat' dir='ltr'><strong>quale</strong></span> <span class='ocrx_word' id='word_1_135' title='bbox 1578 1440 1694 1480; x_wconf 81' lang='lat' dir='ltr'><strong>elegge</strong></span> <span class='ocrx_word' id='word_1_136' title='bbox 1723 1440 1788 1471; x_wconf 91' lang='lat' dir='ltr'><strong>sibi</strong></span> <span class='ocrx_word' id='word_1_137' title='bbox 1821 1440 2029 1481; x_wconf 85' lang='lat' dir='ltr'><strong>sepulturam</strong></span> <span class='ocrx_word' id='word_1_138' title='bbox 2056 1441 2087 1472; x_wconf 93' lang='lat' dir='ltr'><strong>in</strong></span> 
     </span>
    </p>

    <p class='ocr_par' dir='ltr' id='par_1_9' title="bbox 262 1501 2090 1792">
     <span class='ocr_line' id='line_1_15' title="bbox 262 1501 2089 1544; baseline 0.001 -11"><span class='ocrx_word' id='word_1_139' title='bbox 262 1503 420 1543; x_wconf 86' lang='lat' dir='ltr'><strong>sepulcro</strong></span> <span class='ocrx_word' id='word_1_140' title='bbox 448 1504 557 1544; x_wconf 90' lang='lat' dir='ltr'><strong>ipsius</strong></span> <span class='ocrx_word' id='word_1_141' title='bbox 583 1503 711 1534; x_wconf 88' lang='lat' dir='ltr'><strong>domini</strong></span> <span class='ocrx_word' id='word_1_142' title='bbox 738 1503 910 1534; x_wconf 87' lang='lat' dir='ltr'><strong>testatoris</strong></span> <span class='ocrx_word' id='word_1_143' title='bbox 936 1503 1002 1534; x_wconf 86' lang='lat' dir='ltr'><strong>sito</strong></span> <span class='ocrx_word' id='word_1_144' title='bbox 1028 1503 1059 1533; x_wconf 93' lang='lat' dir='ltr'><strong>in</strong></span> <span class='ocrx_word' id='word_1_145' title='bbox 1086 1502 1230 1534; x_wconf 86' lang='lat' dir='ltr'><strong>ecclesia</strong></span> <span class='ocrx_word' id='word_1_146' title='bbox 1257 1503 1362 1534; x_wconf 89' lang='lat' dir='ltr'><strong>sancti</strong></span> <span class='ocrx_word' id='word_1_147' title='bbox 1383 1502 1563 1543; x_wconf 80' lang='lat' dir='ltr'><strong>Augustini</strong></span> <span class='ocrx_word' id='word_1_148' title='bbox 1583 1503 1615 1533; x_wconf 90' lang='lat' dir='ltr'><strong>in</strong></span> <span class='ocrx_word' id='word_1_149' title='bbox 1634 1502 1790 1534; x_wconf 87' lang='lat' dir='ltr'><strong>citadella</strong></span> <span class='ocrx_word' id='word_1_150' title='bbox 1808 1503 1955 1534; x_wconf 88' lang='lat' dir='ltr'><strong>civitatis</strong></span> <span class='ocrx_word' id='word_1_151' title='bbox 1974 1501 2089 1543; x_wconf 82' lang='lat' dir='ltr'><strong>Papie,</strong></span> 
     </span>
     <span class='ocr_line' id='line_1_16' title="bbox 263 1565 2090 1606; baseline 0.001 -11"><span class='ocrx_word' id='word_1_152' title='bbox 263 1565 384 1596; x_wconf 90' lang='lat' dir='ltr'><strong>iubens</strong></span> <span class='ocrx_word' id='word_1_153' title='bbox 412 1566 484 1606; x_wconf 92' lang='lat' dir='ltr'><strong>ipse</strong></span> <span class='ocrx_word' id='word_1_154' title='bbox 511 1566 671 1597; x_wconf 90' lang='lat' dir='ltr'><strong>dominus</strong></span> <span class='ocrx_word' id='word_1_155' title='bbox 697 1567 838 1596; x_wconf 87' lang='lat' dir='ltr'><strong>testator</strong></span> <span class='ocrx_word' id='word_1_156' title='bbox 864 1565 943 1605; x_wconf 88' lang='lat' dir='ltr'><strong>poni</strong></span> <span class='ocrx_word' id='word_1_157' title='bbox 970 1565 1093 1596; x_wconf 90' lang='lat' dir='ltr'><strong>debere</strong></span> <span class='ocrx_word' id='word_1_158' title='bbox 1119 1565 1162 1596; x_wconf 89' lang='lat' dir='ltr'><strong>ad</strong></span> <span class='ocrx_word' id='word_1_159' title='bbox 1188 1566 1335 1597; x_wconf 86' lang='lat' dir='ltr'><strong>bucham</strong></span> <span class='ocrx_word' id='word_1_160' title='bbox 1362 1566 1472 1606; x_wconf 91' lang='lat' dir='ltr'><strong>ipsius</strong></span> <span class='ocrx_word' id='word_1_161' title='bbox 1497 1565 1644 1606; x_wconf 89' lang='lat' dir='ltr'><strong>sepulcri</strong></span> <span class='ocrx_word' id='word_1_162' title='bbox 1681 1565 1828 1605; x_wconf 86' lang='lat' dir='ltr'><strong>lapidem</strong></span> <span class='ocrx_word' id='word_1_163' title='bbox 1866 1574 1968 1596; x_wconf 91' lang='lat' dir='ltr'><strong>unum</strong></span> <span class='ocrx_word' id='word_1_164' title='bbox 2005 1574 2090 1597; x_wconf 90' lang='lat' dir='ltr'><strong>mar-</strong></span> 
     </span>
     <span class='ocr_line' id='line_1_17' title="bbox 264 1627 2089 1668; baseline 0.001 -10"><span class='ocrx_word' id='word_1_165' title='bbox 264 1636 413 1658; x_wconf 87' lang='lat' dir='ltr'><strong>moreum</strong></span> <span class='ocrx_word' id='word_1_166' title='bbox 441 1637 578 1666; x_wconf 89' lang='lat' dir='ltr'><strong>novum,</strong></span> <span class='ocrx_word' id='word_1_167' title='bbox 606 1629 636 1659; x_wconf 89' lang='lat' dir='ltr'><strong>in</strong></span> <span class='ocrx_word' id='word_1_168' title='bbox 664 1637 732 1668; x_wconf 88' lang='lat' dir='ltr'><strong>quo</strong></span> <span class='ocrx_word' id='word_1_169' title='bbox 758 1628 871 1668; x_wconf 86' lang='lat' dir='ltr'><strong>lapide</strong></span> <span class='ocrx_word' id='word_1_170' title='bbox 897 1628 964 1659; x_wconf 87' lang='lat' dir='ltr'><strong>sint</strong></span> <span class='ocrx_word' id='word_1_171' title='bbox 990 1628 1155 1668; x_wconf 85' lang='lat' dir='ltr'><strong>impressa</strong></span> <span class='ocrx_word' id='word_1_172' title='bbox 1181 1629 1212 1659; x_wconf 85' lang='lat' dir='ltr'><strong>et</strong></span> <span class='ocrx_word' id='word_1_173' title='bbox 1238 1627 1383 1668; x_wconf 87' lang='lat' dir='ltr'><strong>sculpita</strong></span> <span class='ocrx_word' id='word_1_174' title='bbox 1410 1627 1624 1668; x_wconf 81' lang='lat' dir='ltr'><strong>infrascripta</strong></span> <span class='ocrx_word' id='word_1_175' title='bbox 1650 1628 1765 1666; x_wconf 84' lang='lat' dir='ltr'><strong>verba,</strong></span> <span class='ocrx_word' id='word_1_176' title='bbox 1806 1628 1985 1659; x_wconf 87' lang='lat' dir='ltr'><strong>videlicet:</strong></span> <span class='ocrx_word' id='word_1_177' title='bbox 2023 1627 2089 1666; x_wconf 91' lang='lat' dir='ltr'><strong>Qui</strong></span> 
     </span>
     <span class='ocr_line' id='line_1_18' title="bbox 264 1689 2090 1730; baseline 0.001 -10"><span class='ocrx_word' id='word_1_178' title='bbox 264 1689 372 1721; x_wconf 84' lang='lat' dir='ltr'><strong>aliene</strong></span> <span class='ocrx_word' id='word_1_179' title='bbox 399 1690 498 1721; x_wconf 90' lang='lat' dir='ltr'><strong>saluti</strong></span> <span class='ocrx_word' id='word_1_180' title='bbox 525 1690 602 1730; x_wconf 91' lang='lat' dir='ltr'><strong>plus</strong></span> <span class='ocrx_word' id='word_1_181' title='bbox 629 1698 728 1730; x_wconf 84' lang='lat' dir='ltr'><strong>quam</strong></span> <span class='ocrx_word' id='word_1_182' title='bbox 756 1690 891 1730; x_wconf 89' lang='lat' dir='ltr'><strong>proprie</strong></span> <span class='ocrx_word' id='word_1_183' title='bbox 919 1690 1109 1721; x_wconf 89' lang='lat' dir='ltr'><strong>inserviens</strong></span> <span class='ocrx_word' id='word_1_184' title='bbox 1135 1698 1153 1721; x_wconf 89' lang='lat' dir='ltr'><strong>a</strong></span> <span class='ocrx_word' id='word_1_185' title='bbox 1179 1689 1367 1721; x_wconf 86' lang='lat' dir='ltr'><strong>latronibus</strong></span> <span class='ocrx_word' id='word_1_186' title='bbox 1408 1689 1593 1721; x_wconf 89' lang='lat' dir='ltr'><strong>trucidatur</strong></span> <span class='ocrx_word' id='word_1_187' title='bbox 1619 1690 1672 1721; x_wconf 79' lang='lat' dir='ltr'><strong>liic</strong></span> <span class='ocrx_word' id='word_1_188' title='bbox 1699 1690 1784 1721; x_wconf 88' lang='lat' dir='ltr'><strong>iacet</strong></span> <span class='ocrx_word' id='word_1_189' title='bbox 1810 1690 2006 1730; x_wconf 87' lang='lat' dir='ltr'><strong>spectabilis</strong></span> <span class='ocrx_word' id='word_1_190' title='bbox 2039 1699 2090 1721; x_wconf 87' lang='lat' dir='ltr'><strong>ar-</strong></span> 
     </span>
     <span class='ocr_line' id='line_1_19' title="bbox 264 1750 1682 1792; baseline 0 -10"><span class='ocrx_word' id='word_1_191' title='bbox 264 1752 351 1782; x_wconf 85' lang='lat' dir='ltr'><strong>cium</strong></span> <span class='ocrx_word' id='word_1_192' title='bbox 378 1755 408 1783; x_wconf 90' lang='lat' dir='ltr'><strong>et</strong></span> <span class='ocrx_word' id='word_1_193' title='bbox 435 1753 598 1784; x_wconf 88' lang='lat' dir='ltr'><strong>medicine</strong></span> <span class='ocrx_word' id='word_1_194' title='bbox 624 1753 742 1783; x_wconf 85' lang='lat' dir='ltr'><strong>doctor</strong></span> <span class='ocrx_word' id='word_1_195' title='bbox 768 1752 927 1783; x_wconf 89' lang='lat' dir='ltr'><strong>dominus</strong></span> <span class='ocrx_word' id='word_1_196' title='bbox 953 1752 1113 1792; x_wconf 87' lang='lat' dir='ltr'><strong>magister</strong></span> <span class='ocrx_word' id='word_1_197' title='bbox 1139 1751 1362 1783; x_wconf 82' lang='lat' dir='ltr'><strong>Francischus</strong></span> <span class='ocrx_word' id='word_1_198' title='bbox 1388 1751 1603 1783; x_wconf 81' lang='lat' dir='ltr'><strong>Marcltixius</strong></span> <span class='ocrx_word' id='word_1_199' title='bbox 1620 1750 1682 1791; x_wconf 89' lang='grc'>(2).</span> 
     </span>
    </p>
   </div>
   <div class='ocr_carea' id='block_1_8' title="bbox 380 1414 497 1416">
    <p class='ocr_par' dir='ltr' id='par_1_10' title="bbox 380 1414 497 1416">
     <span class='ocr_line' id='line_1_20' title="bbox 380 1414 497 1416; baseline 0 0"><span class='ocrx_word' id='word_1_200' title='bbox 380 1414 497 1416; x_wconf 95' lang='lat' dir='ltr'><strong> </strong></span> 
     </span>
    </p>
   </div>
   <div class='ocr_carea' id='block_1_9' title="bbox 1047 1951 1319 1991">
    <p class='ocr_par' dir='ltr' id='par_1_11' title="bbox 1047 1951 1319 1991">
     <span class='ocr_line' id='line_1_21' title="bbox 1047 1951 1319 1991; baseline 0 -1"><span class='ocrx_word' id='word_1_201' title='bbox 1047 1951 1319 1991; x_wconf 84' lang='lat' dir='ltr'>DCCXIV.</span> 
     </span>
    </p>
   </div>
   <div class='ocr_carea' id='block_1_10' title="bbox 354 2070 1913 2106">
    <p class='ocr_par' dir='ltr' id='par_1_12' title="bbox 354 2070 1913 2106">
     <span class='ocr_line' id='line_1_22' title="bbox 354 2070 1913 2106; baseline 0.001 -8"><span class='ocrx_word' id='word_1_202' title='bbox 354 2071 368 2098; x_wconf 91' lang='lat'><em>1</em></span> <span class='ocrx_word' id='word_1_203' title='bbox 394 2070 562 2099; x_wconf 83' lang='lat' dir='ltr'><strong>Canonici</strong></span> <span class='ocrx_word' id='word_1_204' title='bbox 589 2070 754 2106; x_wconf 82' lang='lat' dir='ltr'><strong>Regelari</strong></span> <span class='ocrx_word' id='word_1_205' title='bbox 781 2070 990 2098; x_wconf 81' lang='lat' dir='ltr'><strong>Latet-anesi</strong></span> <span class='ocrx_word' id='word_1_206' title='bbox 1017 2078 1104 2098; x_wconf 88' lang='lat' dir='ltr'><strong>sono</strong></span> <span class='ocrx_word' id='word_1_207' title='bbox 1131 2070 1339 2098; x_wconf 82' lang='lat' dir='ltr'><strong>allontanati</strong></span> <span class='ocrx_word' id='word_1_208' title='bbox 1366 2070 1410 2098; x_wconf 86' lang='lat' dir='ltr'><strong>da</strong></span> <span class='ocrx_word' id='word_1_209' title='bbox 1437 2070 1471 2098; x_wconf 88' lang='lat' dir='ltr'><strong>S.</strong></span> <span class='ocrx_word' id='word_1_210' title='bbox 1500 2070 1617 2098; x_wconf 81' lang='lat' dir='ltr'><strong>Pietro</strong></span> <span class='ocrx_word' id='word_1_211' title='bbox 1643 2070 1677 2098; x_wconf 89' lang='lat' dir='ltr'><strong>in</strong></span> <span class='ocrx_word' id='word_1_212' title='bbox 1703 2070 1777 2098; x_wconf 90' lang='lat' dir='ltr'><strong>Ciel</strong></span> <span class='ocrx_word' id='word_1_213' title='bbox 1803 2070 1913 2101; x_wconf 84' lang='lat' dir='ltr'><strong>d&#39;oro.</strong></span> 
     </span>
    </p>
   </div>
   <div class='ocr_carea' id='block_1_11' title="bbox 924 2192 1442 2223">
    <p class='ocr_par' dir='ltr' id='par_1_13' title="bbox 924 2192 1442 2223">
     <span class='ocr_line' id='line_1_23' title="bbox 924 2192 1442 2223; baseline 0 -7"><span class='ocrx_word' id='word_1_214' title='bbox 924 2192 1079 2223; x_wconf 70' lang='lat'>1509,</span> <span class='ocrx_word' id='word_1_215' title='bbox 1112 2193 1357 2222; x_wconf 74' lang='lat' dir='ltr'><strong>ottol)1⁴e‚</strong></span> <span class='ocrx_word' id='word_1_216' title='bbox 1390 2192 1442 2216; x_wconf 64' lang='grc' dir='ltr'><strong>(ὅ.</strong></span> 
     </span>
    </p>
   </div>
   <div class='ocr_carea' id='block_1_12' title="bbox 784 2289 1574 2313">
    <p class='ocr_par' dir='ltr' id='par_1_14' title="bbox 784 2289 1574 2313">
     <span class='ocr_line' id='line_1_24' title="bbox 784 2289 1574 2313; baseline 0 -3"><span class='ocrx_word' id='word_1_217' title='bbox 784 2290 861 2313; x_wconf 71' lang='lat' dir='ltr'><strong>(Arclt.</strong></span> <span class='ocrx_word' id='word_1_218' title='bbox 879 2290 959 2311; x_wconf 76' lang='lat' dir='ltr'><strong>Notar.</strong></span> <span class='ocrx_word' id='word_1_219' title='bbox 977 2290 998 2310; x_wconf 86' lang='lat' dir='ltr'><strong>di</strong></span> <span class='ocrx_word' id='word_1_220' title='bbox 1016 2289 1094 2310; x_wconf 70' lang='lat' dir='ltr'><strong>Pavia.</strong></span> <span class='ocrx_word' id='word_1_221' title='bbox 1112 2301 1135 2303; x_wconf 82' lang='grc'>-</span> <span class='ocrx_word' id='word_1_222' title='bbox 1152 2290 1199 2310; x_wconf 89' lang='lat' dir='ltr'><strong>Atti</strong></span> <span class='ocrx_word' id='word_1_223' title='bbox 1216 2290 1237 2310; x_wconf 85' lang='lat' dir='ltr'><strong>di</strong></span> <span class='ocrx_word' id='word_1_224' title='bbox 1255 2290 1312 2311; x_wconf 81' lang='lat' dir='ltr'><strong>Giau</strong></span> <span class='ocrx_word' id='word_1_225' title='bbox 1329 2290 1425 2310; x_wconf 81' lang='lat' dir='ltr'><strong>Alberto</strong></span> <span class='ocrx_word' id='word_1_226' title='bbox 1446 2290 1574 2313; x_wconf 79' lang='lat' dir='ltr'><strong>Morascu).</strong></span> 
     </span>
    </p>
   </div>
   <div class='ocr_carea' id='block_1_13' title="bbox 339 2474 2094 2590">
    <p class='ocr_par' dir='ltr' id='par_1_15' title="bbox 339 2474 2094 2590">
     <span class='ocr_line' id='line_1_25' title="bbox 339 2474 2094 2590; baseline 0.001 -73"><span class='ocrx_word' id='word_1_227' title='bbox 339 2474 461 2590; x_wconf 88' lang='lat' dir='ltr'>N</span> <span class='ocrx_word' id='word_1_228' title='bbox 517 2491 607 2517; x_wconf 69' lang='lat' dir='ltr'><strong>ELLA</strong></span> <span class='ocrx_word' id='word_1_229' title='bbox 632 2487 784 2518; x_wconf 78' lang='lat' dir='ltr'><strong>sacristia</strong></span> <span class='ocrx_word' id='word_1_230' title='bbox 809 2487 844 2518; x_wconf 74' lang='lat' dir='ltr'><strong>cli</strong></span> <span class='ocrx_word' id='word_1_231' title='bbox 868 2486 900 2519; x_wconf 82' lang='lat' dir='ltr'><strong>S.</strong></span> <span class='ocrx_word' id='word_1_232' title='bbox 926 2486 1036 2518; x_wconf 74' lang='lat' dir='ltr'><strong>Pictro</strong></span> <span class='ocrx_word' id='word_1_233' title='bbox 1062 2488 1093 2519; x_wconf 83' lang='grc' dir='ltr'><strong>ιἰι</strong></span> <span class='ocrx_word' id='word_1_234' title='bbox 1122 2486 1192 2519; x_wconf 82' lang='lat' dir='ltr'><strong>Ciel</strong></span> <span class='ocrx_word' id='word_1_235' title='bbox 1216 2487 1327 2518; x_wconf 66' lang='lat' dir='ltr'><strong>(soro.</strong></span> <span class='ocrx_word' id='word_1_236' title='bbox 1364 2487 1440 2518; x_wconf 85' lang='lat' dir='ltr'><strong>Don</strong></span> <span class='ocrx_word' id='word_1_237' title='bbox 1481 2487 1643 2525; x_wconf 79' lang='lat' dir='ltr'><strong>Zacclteo,</strong></span> <span class='ocrx_word' id='word_1_238' title='bbox 1680 2495 1744 2518; x_wconf 80' lang='lat' dir='ltr'><strong>uno</strong></span> <span class='ocrx_word' id='word_1_239' title='bbox 1769 2496 1810 2518; x_wconf 84' lang='lat' dir='ltr'><strong>ex</strong></span> <span class='ocrx_word' id='word_1_240' title='bbox 1838 2487 2011 2519; x_wconf 87' lang='lat' dir='ltr'><strong>canonicis</strong></span> <span class='ocrx_word' id='word_1_241' title='bbox 2036 2496 2094 2518; x_wconf 89' lang='lat' dir='ltr'><strong>an-</strong></span> 
     </span>
     <span class='ocr_line' id='line_1_26' title="bbox 539 2548 2092 2589; baseline 0.001 -9"><span class='ocrx_word' id='word_1_242' title='bbox 539 2550 642 2589; x_wconf 88' lang='lat' dir='ltr'><strong>tiquis</strong></span> <span class='ocrx_word' id='word_1_243' title='bbox 668 2550 747 2581; x_wconf 90' lang='lat' dir='ltr'><strong>dicti</strong></span> <span class='ocrx_word' id='word_1_244' title='bbox 775 2550 968 2581; x_wconf 86' lang='lat' dir='ltr'><strong>monasterii</strong></span> <span class='ocrx_word' id='word_1_245' title='bbox 995 2552 1025 2581; x_wconf 89' lang='lat' dir='ltr'><strong>et</strong></span> <span class='ocrx_word' id='word_1_246' title='bbox 1051 2550 1186 2581; x_wconf 81' lang='lat' dir='ltr'><strong>abbatie</strong></span> <span class='ocrx_word' id='word_1_247' title='bbox 1223 2551 1329 2581; x_wconf 89' lang='lat' dir='ltr'><strong>sancti</strong></span> <span class='ocrx_word' id='word_1_248' title='bbox 1371 2549 1458 2581; x_wconf 80' lang='lat' dir='ltr'><strong>Petri</strong></span> <span class='ocrx_word' id='word_1_249' title='bbox 1486 2551 1516 2581; x_wconf 89' lang='lat' dir='ltr'><strong>iu</strong></span> <span class='ocrx_word' id='word_1_250' title='bbox 1543 2548 1638 2582; x_wconf 85' lang='lat' dir='ltr'><strong>Cello</strong></span> <span class='ocrx_word' id='word_1_251' title='bbox 1675 2559 1789 2588; x_wconf 84' lang='lat' dir='ltr'><strong>aureo,</strong></span> <span class='ocrx_word' id='word_1_252' title='bbox 1825 2550 1929 2581; x_wconf 79' lang='lat' dir='ltr'><strong>riceve</strong></span> <span class='ocrx_word' id='word_1_253' title='bbox 1954 2552 2036 2581; x_wconf 80' lang='lat' dir='ltr'><strong>tutta</strong></span> <span class='ocrx_word' id='word_1_254' title='bbox 2060 2549 2092 2581; x_wconf 84' lang='lat' dir='ltr'><strong>la</strong></span> 
     </span>
    </p>
   </div>
   <div class='ocr_carea' id='block_1_14' title="bbox 268 2611 2094 2706">
    <p class='ocr_par' dir='ltr' id='par_1_16' title="bbox 268 2611 2094 2706">
     <span class='ocr_line' id='line_1_27' title="bbox 538 2611 2094 2653; baseline 0 -10"><span class='ocrx_word' id='word_1_255' title='bbox 538 2612 756 2653; x_wconf 77' lang='lat' dir='ltr'><strong>suppellettile</strong></span> <span class='ocrx_word' id='word_1_256' title='bbox 780 2612 868 2643; x_wconf 76' lang='lat' dir='ltr'><strong>&lt;tella</strong></span> <span class='ocrx_word' id='word_1_257' title='bbox 893 2612 1005 2643; x_wconf 78' lang='lat' dir='ltr'><strong>chiesa</strong></span> <span class='ocrx_word' id='word_1_258' title='bbox 1030 2612 1088 2643; x_wconf 75' lang='lat' dir='ltr'><strong>ciui</strong></span> <span class='ocrx_word' id='word_1_259' title='bbox 1111 2612 1260 2652; x_wconf 61' lang='lat' dir='ltr'><strong>religiosi</strong></span> <span class='ocrx_word' id='word_1_260' title='bbox 1285 2611 1452 2644; x_wconf 75' lang='lat' dir='ltr'><strong>Gioiamzi</strong></span> <span class='ocrx_word' id='word_1_261' title='bbox 1475 2612 1619 2643; x_wconf 78' lang='lat' dir='ltr'><strong>Bottista</strong></span> <span class='ocrx_word' id='word_1_262' title='bbox 1645 2612 1679 2643; x_wconf 77' lang='lat' dir='ltr'><strong>cii</strong></span> <span class='ocrx_word' id='word_1_263' title='bbox 1702 2611 1825 2643; x_wconf 80' lang='lat' dir='ltr'><strong>Verona</strong></span> <span class='ocrx_word' id='word_1_264' title='bbox 1845 2612 1964 2643; x_wconf 79' lang='lat' dir='ltr'><strong>vicario</strong></span> <span class='ocrx_word' id='word_1_265' title='bbox 1981 2621 1998 2643; x_wconf 82' lang='lat' dir='ltr'><strong>e</strong></span> <span class='ocrx_word' id='word_1_266' title='bbox 2015 2611 2094 2643; x_wconf 86' lang='lat' dir='ltr'><strong>Leo-</strong></span> 
     </span>
     <span class='ocr_line' id='line_1_28' title="bbox 268 2664 2094 2706; baseline 0.001 -11"><span class='ocrx_word' id='word_1_267' title='bbox 268 2666 371 2696; x_wconf 72' lang='lat' dir='ltr'><strong>titudo</strong></span> <span class='ocrx_word' id='word_1_268' title='bbox 397 2665 517 2697; x_wconf 69' lang='lat' dir='ltr'><strong>Structo</strong></span> <span class='ocrx_word' id='word_1_269' title='bbox 542 2666 682 2697; x_wconf 64' lang='lat' dir='ltr'><strong>sacrista</strong></span> <span class='ocrx_word' id='word_1_270' title='bbox 708 2665 848 2697; x_wconf 91' lang='lat' dir='ltr'><strong>Ordinis</strong></span> <span class='ocrx_word' id='word_1_271' title='bbox 874 2666 1115 2697; x_wconf 86' lang='lat' dir='ltr'><strong>canonicorum</strong></span> <span class='ocrx_word' id='word_1_272' title='bbox 1143 2666 1345 2706; x_wconf 85' lang='lat' dir='ltr'><strong>regularium</strong></span> <span class='ocrx_word' id='word_1_273' title='bbox 1372 2665 1477 2696; x_wconf 89' lang='lat' dir='ltr'><strong>sancti</strong></span> <span class='ocrx_word' id='word_1_274' title='bbox 1506 2664 1685 2705; x_wconf 89' lang='lat' dir='ltr'><strong>Augustini</strong></span> <span class='ocrx_word' id='word_1_275' title='bbox 1713 2665 1753 2696; x_wconf 91' lang='lat' dir='ltr'><strong>de</strong></span> <span class='ocrx_word' id='word_1_276' title='bbox 1778 2665 1995 2696; x_wconf 83' lang='lat' dir='ltr'><strong>observantia</strong></span> <span class='ocrx_word' id='word_1_277' title='bbox 2013 2674 2094 2696; x_wconf 92' lang='lat' dir='ltr'><strong>con-</strong></span> 
     </span>
    </p>
   </div>
   <div class='ocr_carea' id='block_1_15' title="bbox 272 2821 2091 3072">
    <p class='ocr_par' dir='ltr' id='par_1_17' title="bbox 272 2821 2091 2982">
     <span class='ocr_line' id='line_1_29' title="bbox 325 2821 2090 2847; baseline 0.001 -6"><span class='ocrx_word' id='word_1_278' title='bbox 325 2822 356 2845; x_wconf 77' lang='grc'><strong>(1)</strong></span> <span class='ocrx_word' id='word_1_279' title='bbox 371 2822 460 2845; x_wconf 71' lang='lat' dir='ltr'><strong>Ques-to</strong></span> <span class='ocrx_word' id='word_1_280' title='bbox 477 2821 618 2841; x_wconf 84' lang='lat' dir='ltr'><strong>documento</strong></span> <span class='ocrx_word' id='word_1_281' title='bbox 634 2821 747 2842; x_wconf 75' lang='lat' dir='ltr'><strong>dimostra</strong></span> <span class='ocrx_word' id='word_1_282' title='bbox 763 2822 920 2843; x_wconf 69' lang='lat' dir='ltr'><strong>chiaramonte</strong></span> <span class='ocrx_word' id='word_1_283' title='bbox 943 2823 984 2843; x_wconf 80' lang='lat' dir='ltr'><strong>cite</strong></span> <span class='ocrx_word' id='word_1_284' title='bbox 1007 2822 1019 2842; x_wconf 81' lang='lat' dir='ltr'><strong>il</strong></span> <span class='ocrx_word' id='word_1_285' title='bbox 1043 2822 1154 2843; x_wconf 80' lang='lat' dir='ltr'><strong>Bartolini</strong></span> <span class='ocrx_word' id='word_1_286' title='bbox 1210 2823 1288 2843; x_wconf 36' lang='lat' dir='ltr'><strong>nonis&lt;</strong></span> <span class='ocrx_word' id='word_1_287' title='bbox 1305 2822 1342 2842; x_wconf 79' lang='lat' dir='ltr'><strong>Ncl</strong></span> <span class='ocrx_word' id='word_1_288' title='bbox 1367 2821 1417 2842; x_wconf 70' lang='lat'><strong>1490</strong></span> <span class='ocrx_word' id='word_1_289' title='bbox 1438 2821 1461 2841; x_wconf 82' lang='lat' dir='ltr'><strong>iu</strong></span> <span class='ocrx_word' id='word_1_290' title='bbox 1484 2822 1583 2841; x_wconf 84' lang='lat' dir='ltr'><strong>assunto</strong></span> <span class='ocrx_word' id='word_1_291' title='bbox 1605 2821 1637 2841; x_wconf 81' lang='lat' dir='ltr'><strong>ad</strong></span> <span class='ocrx_word' id='word_1_292' title='bbox 1659 2821 1773 2842; x_wconf 73' lang='lat' dir='ltr'><strong>lecturam</strong></span> <span class='ocrx_word' id='word_1_293' title='bbox 1798 2822 1873 2847; x_wconf 77' lang='lat' dir='ltr'><strong>logice</strong></span> <span class='ocrx_word' id='word_1_294' title='bbox 1896 2822 2044 2843; x_wconf 79' lang='lat' dir='ltr'><strong>ordinariam</strong></span> <span class='ocrx_word' id='word_1_295' title='bbox 2067 2823 2090 2843; x_wconf 79' lang='lat' dir='ltr'><strong>et</strong></span> 
     </span>
     <span class='ocr_line' id='line_1_30' title="bbox 272 2865 2089 2893; baseline 0.002 -7"><span class='ocrx_word' id='word_1_296' title='bbox 272 2872 345 2886; x_wconf 73' lang='lat' dir='ltr'><strong>avc-va</strong></span> <span class='ocrx_word' id='word_1_297' title='bbox 361 2866 516 2891; x_wconf 79' lang='lat' dir='ltr'><strong>interpretato</strong></span> <span class='ocrx_word' id='word_1_298' title='bbox 533 2868 619 2891; x_wconf 87' lang='lat' dir='ltr'><strong>troppo</strong></span> <span class='ocrx_word' id='word_1_299' title='bbox 635 2866 777 2891; x_wconf 77' lang='lat' dir='ltr'><strong>largamcnte</strong></span> <span class='ocrx_word' id='word_1_300' title='bbox 794 2867 813 2887; x_wconf 85' lang='lat' dir='ltr'><strong>le</strong></span> <span class='ocrx_word' id='word_1_301' title='bbox 829 2866 913 2887; x_wconf 61' lang='lat' dir='ltr'><strong>tacuit-²1</strong></span> <span class='ocrx_word' id='word_1_302' title='bbox 929 2867 1070 2892; x_wconf 77' lang='lat' dir='ltr'><strong>attibuitegli</strong></span> <span class='ocrx_word' id='word_1_303' title='bbox 1096 2867 1154 2887; x_wconf 78' lang='lat' dir='ltr'><strong>nella</strong></span> <span class='ocrx_word' id='word_1_304' title='bbox 1210 2867 1373 2893; x_wconf 69' lang='lat' dir='ltr'><strong>sophiStarie;</strong></span> <span class='ocrx_word' id='word_1_305' title='bbox 1389 2865 1435 2887; x_wconf 76' lang='lat' dir='ltr'><strong>cir.</strong></span> <span class='ocrx_word' id='word_1_306' title='bbox 1453 2866 1564 2887; x_wconf 67' lang='lat' dir='ltr'><strong>Memorio</strong></span> <span class='ocrx_word' id='word_1_307' title='bbox 1580 2872 1591 2886; x_wconf 77' lang='lat' dir='ltr'><strong>e</strong></span> <span class='ocrx_word' id='word_1_308' title='bbox 1606 2866 1656 2887; x_wconf 68' lang='lat' dir='ltr'><strong>doc⁴</strong></span> <span class='ocrx_word' id='word_1_309' title='bbox 1677 2872 1721 2892; x_wconf 73' lang='lat' dir='ltr'><strong>per</strong></span> <span class='ocrx_word' id='word_1_310' title='bbox 1742 2866 1765 2887; x_wconf 81' lang='lat' dir='ltr'><strong>Ia</strong></span> <span class='ocrx_word' id='word_1_311' title='bbox 1787 2867 1865 2887; x_wconf 75' lang='lat' dir='ltr'><strong>storia</strong></span> <span class='ocrx_word' id='word_1_312' title='bbox 1887 2866 1944 2888; x_wconf 74' lang='lat' dir='ltr'><strong>dell*</strong></span> <span class='ocrx_word' id='word_1_313' title='bbox 1955 2867 2089 2889; x_wconf 61' lang='lat' dir='ltr'><strong>Universae</strong></span> 
     </span>
     <span class='ocr_line' id='line_1_31' title="bbox 273 2910 2091 2937; baseline 0.002 -6"><span class='ocrx_word' id='word_1_314' title='bbox 273 2911 356 2931; x_wconf 75' lang='lat' dir='ltr'><strong>lettera</strong></span> <span class='ocrx_word' id='word_1_315' title='bbox 373 2911 408 2931; x_wconf 77' lang='lat' dir='ltr'><strong>del</strong></span> <span class='ocrx_word' id='word_1_316' title='bbox 424 2911 436 2931; x_wconf 88' lang='grc'>3</span> <span class='ocrx_word' id='word_1_317' title='bbox 451 2911 549 2935; x_wconf 73' lang='lat' dir='ltr'><strong>germaio</strong></span> <span class='ocrx_word' id='word_1_318' title='bbox 568 2911 618 2931; x_wconf 75' lang='lat'>1509</span> <span class='ocrx_word' id='word_1_319' title='bbox 633 2910 693 2934; x_wconf 84' lang='lat' dir='ltr'><strong>(vedi</strong></span> <span class='ocrx_word' id='word_1_320' title='bbox 710 2911 730 2931; x_wconf 78' lang='lat' dir='ltr'><strong>la</strong></span> <span class='ocrx_word' id='word_1_321' title='bbox 747 2913 801 2931; x_wconf 80' lang='lat' dir='ltr'><strong>nuta</strong></span> <span class='ocrx_word' id='word_1_322' title='bbox 823 2911 843 2931; x_wconf 80' lang='lat' dir='ltr'><strong>al</strong></span> <span class='ocrx_word' id='word_1_323' title='bbox 868 2911 925 2932; x_wconf 84' lang='lat' dir='ltr'><strong>doc.</strong></span> <span class='ocrx_word' id='word_1_324' title='bbox 945 2912 980 2932; x_wconf 84' lang='lat' dir='ltr'><strong>dcl</strong></span> <span class='ocrx_word' id='word_1_325' title='bbox 1006 2912 1028 2932; x_wconf 82' lang='lat' dir='ltr'><strong>lss</strong></span> <span class='ocrx_word' id='word_1_326' title='bbox 1049 2911 1154 2932; x_wconf 80' lang='lat' dir='ltr'><strong>tebbraio</strong></span> <span class='ocrx_word' id='word_1_327' title='bbox 1209 2912 1234 2933; x_wconf 78' lang='lat' dir='ltr'><strong>di</strong></span> <span class='ocrx_word' id='word_1_328' title='bbox 1250 2911 1331 2936; x_wconf 82' lang='lat' dir='ltr'><strong>Pavia,</strong></span> <span class='ocrx_word' id='word_1_329' title='bbox 1347 2911 1392 2932; x_wconf 65' lang='lat' dir='ltr'><strong>vol⁴</strong></span> <span class='ocrx_word' id='word_1_330' title='bbox 1409 2911 1424 2936; x_wconf 87' lang='grc'><strong>1,</strong></span> <span class='ocrx_word' id='word_1_331' title='bbox 1442 2916 1494 2937; x_wconf 69' lang='lat' dir='ltr'><strong>pag,</strong></span> <span class='ocrx_word' id='word_1_332' title='bbox 1513 2910 1557 2935; x_wconf 77' lang='lat'><strong>164,</strong></span> <span class='ocrx_word' id='word_1_333' title='bbox 1573 2911 1595 2931; x_wconf 89' lang='lat' dir='ltr'><strong>in</strong></span> <span class='ocrx_word' id='word_1_334' title='bbox 1611 2911 1646 2932; x_wconf 88' lang='lat' dir='ltr'><strong>cui</strong></span> <span class='ocrx_word' id='word_1_335' title='bbox 1663 2916 1704 2936; x_wconf 86' lang='lat' dir='ltr'><strong>per</strong></span> <span class='ocrx_word' id='word_1_336' title='bbox 1719 2916 1797 2932; x_wconf 84' lang='lat' dir='ltr'><strong>errore</strong></span> <span class='ocrx_word' id='word_1_337' title='bbox 1812 2911 1830 2932; x_wconf 92' lang='lat' dir='ltr'><strong>si</strong></span> <span class='ocrx_word' id='word_1_338' title='bbox 1847 2911 1897 2932; x_wconf 85' lang='lat' dir='ltr'><strong>dice</strong></span> <span class='ocrx_word' id='word_1_339' title='bbox 1912 2912 1954 2933; x_wconf 87' lang='lat' dir='ltr'><strong>che</strong></span> <span class='ocrx_word' id='word_1_340' title='bbox 1965 2912 2033 2934; x_wconf 73' lang='lat' dir='ltr'><strong>cesso</strong></span> <span class='ocrx_word' id='word_1_341' title='bbox 2043 2913 2091 2934; x_wconf 86' lang='lat' dir='ltr'><strong>dal-</strong></span> 
     </span>
     <span class='ocr_line' id='line_1_32' title="bbox 277 2954 2090 2982; baseline 0.003 -8"><span class='ocrx_word' id='word_1_342' title='bbox 277 2954 343 2979; x_wconf 60' lang='grc'><strong>1509),</strong></span> <span class='ocrx_word' id='word_1_343' title='bbox 360 2960 371 2975; x_wconf 85' lang='lat' dir='ltr'><strong>e</strong></span> <span class='ocrx_word' id='word_1_344' title='bbox 387 2955 428 2975; x_wconf 81' lang='lat' dir='ltr'><strong>che</strong></span> <span class='ocrx_word' id='word_1_345' title='bbox 444 2955 573 2979; x_wconf 78' lang='lat' dir='ltr'><strong>l&#39;ingresso</strong></span> <span class='ocrx_word' id='word_1_346' title='bbox 590 2955 625 2975; x_wconf 83' lang='lat' dir='ltr'><strong>dei</strong></span> <span class='ocrx_word' id='word_1_347' title='bbox 643 2955 775 2976; x_wconf 81' lang='lat' dir='ltr'><strong>Lateranesi</strong></span> <span class='ocrx_word' id='word_1_348' title='bbox 792 2961 836 2976; x_wconf 87' lang='lat' dir='ltr'><strong>non</strong></span> <span class='ocrx_word' id='word_1_349' title='bbox 853 2961 890 2976; x_wconf 84' lang='lat' dir='ltr'><strong>era</strong></span> <span class='ocrx_word' id='word_1_350' title='bbox 906 2957 970 2976; x_wconf 82' lang='lat' dir='ltr'><strong>stato</strong></span> <span class='ocrx_word' id='word_1_351' title='bbox 989 2956 1101 2981; x_wconf 76' lang='lat' dir='ltr'><strong>regolare.</strong></span> <span class='ocrx_word' id='word_1_352' title='bbox 1211 2957 1404 2982; x_wconf 72' lang='lat' dir='ltr'><strong>t‘insegnamento</strong></span> <span class='ocrx_word' id='word_1_353' title='bbox 1419 2955 1454 2976; x_wconf 86' lang='lat' dir='ltr'><strong>nel</strong></span> <span class='ocrx_word' id='word_1_354' title='bbox 1473 2956 1534 2979; x_wconf 71' lang='lat'>1498:</span> <span class='ocrx_word' id='word_1_355' title='bbox 1547 2957 1634 2976; x_wconf 85' lang='lat' dir='ltr'><strong>mentre</strong></span> <span class='ocrx_word' id='word_1_356' title='bbox 1651 2955 1687 2976; x_wconf 86' lang='lat' dir='ltr'><strong>dal</strong></span> <span class='ocrx_word' id='word_1_357' title='bbox 1703 2955 1844 2977; x_wconf 81' lang='lat' dir='ltr'><strong>documento</strong></span> <span class='ocrx_word' id='word_1_358' title='bbox 1859 2958 1941 2978; x_wconf 85' lang='lat' dir='ltr'><strong>nostro</strong></span> <span class='ocrx_word' id='word_1_359' title='bbox 1956 2957 2038 2978; x_wconf 86' lang='lat' dir='ltr'><strong>risulta</strong></span> <span class='ocrx_word' id='word_1_360' title='bbox 2049 2959 2090 2979; x_wconf 83' lang='lat' dir='ltr'><strong>cite</strong></span> 
     </span>
    </p>

    <p class='ocr_par' dir='ltr' id='par_1_18' title="bbox 275 2998 2091 3072">
     <span class='ocr_line' id='line_1_33' title="bbox 328 2998 2091 3026; baseline 0.003 -7"><span class='ocrx_word' id='word_1_361' title='bbox 328 2998 358 3022; x_wconf 85' lang='lat'><strong>(2)</strong></span> <span class='ocrx_word' id='word_1_362' title='bbox 373 2999 388 3019; x_wconf 90' lang='lat' dir='ltr'><strong>ll</strong></span> <span class='ocrx_word' id='word_1_363' title='bbox 405 2998 540 3019; x_wconf 77' lang='lat' dir='ltr'><strong>Proiessore</strong></span> <span class='ocrx_word' id='word_1_364' title='bbox 557 2999 685 3020; x_wconf 80' lang='lat' dir='ltr'><strong>Francesco</strong></span> <span class='ocrx_word' id='word_1_365' title='bbox 701 2999 816 3021; x_wconf 78' lang='lat' dir='ltr'><strong>Marcticsi</strong></span> <span class='ocrx_word' id='word_1_366' title='bbox 833 3000 854 3021; x_wconf 88' lang='lat' dir='ltr'><strong>di</strong></span> <span class='ocrx_word' id='word_1_367' title='bbox 871 3000 977 3025; x_wconf 73' lang='lat' dir='ltr'><strong>Voghera</strong></span> <span class='ocrx_word' id='word_1_368' title='bbox 993 3000 1015 3021; x_wconf 79' lang='lat' dir='ltr'><strong>tu</strong></span> <span class='ocrx_word' id='word_1_369' title='bbox 1038 3001 1155 3021; x_wconf 83' lang='lat' dir='ltr'><strong>cltiamato</strong></span> <span class='ocrx_word' id='word_1_370' title='bbox 1210 3001 1245 3022; x_wconf 82' lang='lat' dir='ltr'><strong>nel</strong></span> <span class='ocrx_word' id='word_1_371' title='bbox 1263 3001 1313 3022; x_wconf 83' lang='lat'>1509</span> <span class='ocrx_word' id='word_1_372' title='bbox 1328 3005 1366 3021; x_wconf 84' lang='lat' dir='ltr'><strong>era</strong></span> <span class='ocrx_word' id='word_1_373' title='bbox 1381 3005 1467 3021; x_wconf 80' lang='lat' dir='ltr'><strong>ancora</strong></span> <span class='ocrx_word' id='word_1_374' title='bbox 1483 2999 1581 3020; x_wconf 83' lang='lat' dir='ltr'><strong>docente</strong></span> <span class='ocrx_word' id='word_1_375' title='bbox 1597 2999 1617 3020; x_wconf 91' lang='lat' dir='ltr'><strong>in</strong></span> <span class='ocrx_word' id='word_1_376' title='bbox 1633 3001 1692 3021; x_wconf 88' lang='lat' dir='ltr'><strong>atto.</strong></span> <span class='ocrx_word' id='word_1_377' title='bbox 1710 2999 1873 3026; x_wconf 86' lang='lat' dir='ltr'><strong>L&#39;iscrizione,</strong></span> <span class='ocrx_word' id='word_1_378' title='bbox 1888 3001 1991 3022; x_wconf 85' lang='lat' dir='ltr'><strong>secondo</strong></span> <span class='ocrx_word' id='word_1_379' title='bbox 2006 3002 2020 3022; x_wconf 88' lang='lat' dir='ltr'><strong>il</strong></span> <span class='ocrx_word' id='word_1_380' title='bbox 2032 3002 2091 3024; x_wconf 84' lang='lat' dir='ltr'><strong>desi-</strong></span> 
     </span>
     <span class='ocr_line' id='line_1_34' title="bbox 275 3043 2090 3072; baseline 0.002 -9"><span class='ocrx_word' id='word_1_381' title='bbox 275 3043 310 3063; x_wconf 81' lang='lat' dir='ltr'><strong>nel</strong></span> <span class='ocrx_word' id='word_1_382' title='bbox 329 3044 379 3063; x_wconf 76' lang='lat'>1488</span> <span class='ocrx_word' id='word_1_383' title='bbox 394 3043 425 3064; x_wconf 79' lang='lat' dir='ltr'><strong>ad</strong></span> <span class='ocrx_word' id='word_1_384' title='bbox 441 3044 554 3064; x_wconf 80' lang='lat' dir='ltr'><strong>lecturam</strong></span> <span class='ocrx_word' id='word_1_385' title='bbox 568 3044 720 3070; x_wconf 74' lang='lat' dir='ltr'><strong>philosophie</strong></span> <span class='ocrx_word' id='word_1_386' title='bbox 742 3045 863 3066; x_wconf 79' lang='lat' dir='ltr'><strong>naturalis</strong></span> <span class='ocrx_word' id='word_1_387' title='bbox 886 3045 1106 3067; x_wconf 74' lang='lat' dir='ltr'><strong>extraorditwrissm</strong></span> <span class='ocrx_word' id='word_1_388' title='bbox 1129 3045 1158 3066; x_wconf 82' lang='lat' dir='ltr'><strong>de</strong></span> <span class='ocrx_word' id='word_1_389' title='bbox 1213 3045 1279 3066; x_wconf 83' lang='lat' dir='ltr'><strong>derio</strong></span> <span class='ocrx_word' id='word_1_390' title='bbox 1294 3045 1329 3066; x_wconf 83' lang='lat' dir='ltr'><strong>del</strong></span> <span class='ocrx_word' id='word_1_391' title='bbox 1346 3046 1474 3071; x_wconf 80' lang='lat' dir='ltr'><strong>testatore,</strong></span> <span class='ocrx_word' id='word_1_392' title='bbox 1499 3043 1522 3064; x_wconf 77' lang='lat' dir='ltr'><strong>iu</strong></span> <span class='ocrx_word' id='word_1_393' title='bbox 1538 3043 1722 3065; x_wconf 81' lang='lat' dir='ltr'><strong>ettettivamcnte</strong></span> <span class='ocrx_word' id='word_1_394' title='bbox 1745 3048 1814 3070; x_wconf 85' lang='lat' dir='ltr'><strong>posta</strong></span> <span class='ocrx_word' id='word_1_395' title='bbox 1830 3044 1866 3067; x_wconf 92' lang='lat' dir='ltr'><strong>sul</strong></span> <span class='ocrx_word' id='word_1_396' title='bbox 1881 3050 1925 3066; x_wconf 83' lang='lat' dir='ltr'><strong>suo</strong></span> <span class='ocrx_word' id='word_1_397' title='bbox 1946 3046 2063 3072; x_wconf 80' lang='lat' dir='ltr'><strong>sepolcro,</strong></span> <span class='ocrx_word' id='word_1_398' title='bbox 2078 3052 2090 3068; x_wconf 81' lang='lat' dir='ltr'><strong>e</strong></span> 
     </span>
    </p>
   </div>
  </div>
 </body>
</html>
