2305 3407
303 128 364 161 154

996 312 1415 353 DCCCXXVIII.

387 431 413 458 Il
438 430 672 459 Procuratore
697 430 732 459 di
758 431 791 460 S.
818 430 992 466 Agostino
1018 430 1135 458 riceve
1162 430 1185 458 il
1211 434 1421 466 pagamento
1446 430 1502 459 del
1521 430 1638 467 legato
1663 430 1757 459 della
1783 431 1960 459 duchessa
1978 431 2112 460 Bianca

300 484 463 512 Visconti
489 483 523 512 di
550 483 690 514 Savoia.

968 579 986 603 1
993 578 1123 607 528,
1155 585 1233 610 ap
1239 578 1280 603 vl
1286 581 1356 609 le,
1390 578 1442 604 2.

858 676 935 698 (Arch.
953 676 1033 697 Notat.
1051 676 1072 696 di
1090 675 1167 696 Pavia.
1184 687 1208 689 ψ
1225 676 1272 696 Atti
1290 676 1310 696 di
1329 676 1388 696 Luca
1405 675 1546 698 Finmbertn.

539 823 541 842 1

370 862 492 978 Ν
547 880 636 906 ELLA
661 874 744 906 cella
769 875 804 906 cii·
820 874 910 915 frate
934 874 1084 906 Lazzaro
1109 875 1149 906 cle
1176 874 1336 912 Gizentn's,
1361 874 1414 906 nel
1432 873 1598 907 Conventa
1623 875 1658 906 di
1681 873 1714 906 S.
1740 875 1923 906 Francesco
1949 875 1983 906 di
2000 874 2116 906 Ρανῐα.

568 936 781 968 Venerabilis
821 937 980 967 dominus
1006 936 1105 967 frater
1131 936 1344 977 Augustinus
1370 937 1410 968 de
1437 935 1613 968 Piceleone
1653 937 1805 967 sindicus
1831 939 1861 967 et
1887 939 2117 977 procurator...

326 1036 404 1037 j?
429 1036 434 1037 ⁷
466 1036 471 1037 ⁷
505 1020 542 1037 -1
570 999 696 1030 Prioris
722 1002 753 1030 et
779 999 928 1030 Fratrum
955 999 1060 1030 sancti
1089 998 1268 1039 Augustini
1308 997 1423 1039 papie,
1460 999 1563 1030 r1'ceve
1587 998 1631 1029 da
1656 997 1743 1030 Suor
1775 998 1961 1030 Bianchina
1987 999 2030 1030 dn
2055 998 2119 1030 Be-

299 1062 400 1103 scope3
425 1062 615 1094 ahbsidessa
641 1061 675 1092 di
700 1060 732 1093 S.
752 1061 860 1092 Maria
875 1061 1096 1095 Armnnzioto,
1112 1069 1130 1091 o
1145 1060 1179 1092 ds
1193 1060 1225 1092 S.
1244 1060 1373 1095 Clzinrn.
1390 1061 1502 1092 ducati
1513 1061 1566 1098 50,
1583 1069 1642 1100 pro
1657 1060 1796 1091 dimidia
1813 1061 1923 1100 pagha
1938 1061 2014 1091 anni
2034 1060 2117 1092 1480

301 1128 331 1157 et
359 1134 418 1165 pro
444 1125 546 1156 altera
573 1124 711 1155 dimidia
738 1124 848 1164 pagha
874 1124 951 1155 anni
983 1124 1075 1156 1481.
1102 1125 1205 1154 esatte
1230 1123 1287 1154 dol
1310 1125 1495 1154 monastero
1521 1123 1556 1154 di
1580 1122 1611 1155 S.
1641 1121 1762 1154 Chiora
1787 1131 1807 1153 o
1833 1121 1974 1154 Camera
2001 1123 2121 1163 impre-

302 1189 455 1219 stitoruin
483 1187 612 1219 Montis
637 1186 779 1224 Veteris,
806 1187 862 1218 ubi
890 1187 1012 1218 dicitur
1037 1187 1078 1217 ad
1105 1185 1285 1218 Cisteriuni
1313 1184 1412 1216 Dorsi
1439 1184 1531 1223 Duri,
1558 1185 1589 1216 in
1616 1185 1751 1216 civitate
1778 1184 2002 1215 Venetiarum.
2021 1184 2119 1216 Detto

297 1251 500 1291 prigrcimento
527 1249 543 1281 ἑ
560 1249 650 1290 fatto
676 1250 708 1281 in
733 1248 898 1280 relazt'one
923 1248 958 1280 al
981 1251 1175 1280 testamento
1212 1248 1247 1279 cii
1281 1247 1409 1279 Bionca
1441 1247 1476 1279 di
1510 1246 1644 1283 Savoia,
1688 1247 1814 1278 vedova
1838 1246 1873 1278 di
1898 1245 2069 1279 Galeazzo
2093 1246 2126 1278 II

308 1312 460 1347 Vrscorzti,
486 1321 502 1343 e
527 1311 578 1343 col
603 1319 763 1342 consenso
789 1310 842 1342 del
865 1311 1039 1342 reverendo
1065 1313 1206 1343 maestro
1242 1309 1327 1349 frate
1364 1309 1473 1341 Pietro
1499 1309 1542 1340 da
1570 1308 1775 1342 Costronovo
1800 1308 1913 1340 Priore
1937 1317 1954 1340 e
1978 1308 2014 1340 di
2037 1307 2122 1347 frate

303 1373 457 1407 Gabriele
483 1374 526 1406 da
552 1373 672 1407 Pavnz,
695 1374 841 1414 presenti
865 1382 884 1404 a
910 1375 1026 1413 questo
1047 1374 1252 1414 pergamento
1271 1369 1332 1412 (l).

361 1533 390 1555 (i)
405 1532 482 1553 Anche
498 1532 518 1552 ai
533 1531 559 1552 30
574 1531 668 1552 ottobre
683 1531 719 1552 dei
737 1531 795 1556 1531,
811 1537 854 1552 con
869 1533 919 1552 atto
936 1532 1018 1555 rogato
1029 1530 1090 1551 dallo
1105 1532 1183 1551 stesso

306 1577 385 1598 notaio
402 1577 533 1599 Fiambcrti,
558 1576 698 1596 venerabilis
721 1576 829 1596 dominus
853 1575 924 1596 irater
941 1576 1083 1596 Fortunatus
1099 1575 1126 1595 de
1142 1574 1184 1596 Ce-

306 1627 362 1642 rano
378 1621 481 1642 sindicus
497 1623 519 1642 et
536 1623 699 1647 procurator...
716 1620 790 1641 sancti
802 1620 924 1645 Augustini
942 1620 1021 1646 Papie,
1037 1619 1145 1640 dichinra
1162 1619 1187 1639 ‹ii

307 1666 406 1687 ricemere
421 1666 451 1686 do
467 1672 496 1686 uri
510 1667 666 1692 procuratore
678 1665 717 1686 del
732 1667 869 1685 monastero
885 1665 909 1686 ‹ii
925 1664 947 1685 S.
967 1664 1056 1686 Cliiora
1081 1663 1185 1685 (16112411-

306 1711 422 1732 nunzIntn
448 1711 472 1731 di
495 1710 575 1735 Ριινῐα,
601 1710 645 1731 lire
661 1710 709 1730 255
726 1716 737 1730 e
752 1710 816 1730 soldi'
831 1710 845 1729 5
861 1709 989 1735 ἰιιιρεπίαίί,
1013 1715 1054 1735 pro
1077 1709 1187 1735 porcione

307 1757 417 1781 tangente
442 1756 504 1776 dicto
529 1755 652 1776 conventui
677 1755 751 1776 sancti
776 1755 899 1779 Augustini
916 1760 941 1775 ex
958 1754 1063 1780 pecuniis
1087 1753 1188 1779 receptis

307 1806 348 1827 per
364 1801 450 1821 dictum
468 1800 635 1820 monasterium
660 1801 740 1820 sancte
756 1799 823 1820 Clare
839 1804 881 1824 pro
897 1804 941 1819 una
958 1799 1032 1824 pagha
1049 1798 1187 1819 ducatorum

307 1847 346 1866 414
362 1845 389 1866 de
405 1850 496 1866 camera
518 1845 570 1865 anni
598 1844 644 1865 1481
671 1844 699 1864 de
724 1849 803 1864 mense
827 1843 954 1870 septembri
979 1844 1002 1864 et
1023 1849 1065 1869 pro
1081 1848 1125 1863 una
1140 1843 1185 1863 alia

308 1890 384 1916 pagina
400 1892 480 1910 exacta
497 1889 525 1910 de
539 1894 600 1909 annu
617 1889 668 1909 1⁴82
678 1890 700 1909 ct
713 1894 791 1909 mense
803 1888 878 1909 martii
889 1888 986 1909 aliorum
999 1887 1136 1908 ducatorum
1148 1887 1187 1907 414

310 1936 471 1955 exactorum...
488 1939 500 1954 a
517 1932 613 1954 camera
629 1933 813 1958 imprestitoruin
830 1932 919 1953 Montis
934 1931 1032 1957 Veteris,
1049 1931 1087 1952 ubi
1103 1931 1187 1951 dicitur

307 1979 337 2000 ad
353 1978 477 1999 Cisterium
494 1978 561 1999 Dorsi
578 1977 634 1998 Duri
650 1978 671 1998 in
687 1977 781 1998 civitate
797 1977 972 1998 venetiarum...
984 1976 1135 1997 occaxione...
1151 1981 1189 1997 cu-

309 2023 399 2044 iusdam
415 2023 484 2047 legati
501 2022 555 2043 iacti
571 2022 634 2042 dicto
650 2022 774 2042 conventui
799 2021 873 2042 sancti
895 2021 1019 2047 Augustini
1035 2026 1076 2047 per
1092 2020 1187 2041 nimam

310 2067 336 2088 D.
354 2067 381 2088 D.
398 2067 523 2088 Blancham
539 2066 567 2087 de
583 2065 700 2087 Sabaudia
721 2066 824 2086 relictam
841 2065 958 2091 quondam
975 2065 1040 2086 lll‚mi
1057 2064 1084 2085 D.
1101 2064 1129 2085 D.
1145 2064 1189 2085 Ga-

306 2113 356 2133 leaz
373 2112 522 2133 Vicecomitis
533 2111 587 2131 olim
600 2110 672 2131 Ducis
688 2110 814 2131 Mediolani
827 2111 848 2130 in
860 2110 909 2131 eius
920 2110 1002 2131 ultimo
1017 2111 1186 2130 testamento...

309 2157 399 2178 Dictam
415 2156 586 2177 contessionem
602 2155 679 2176 dictus
694 2155 798 2176 sindicus
813 2154 867 2176 tecit
878 2154 965 2176 etfacit
980 2160 1032 2175 cum
1041 2154 1184 2180 presentia...

309 2203 331 2223 et
346 2206 462 2222 consensu
480 2200 600 2221 reverendi
616 2206 681 2221 sacre
690 2200 807 2225 theologie
823 2199 926 2225 magistri
937 2199 1022 2219 domini
1033 2198 1111 2219 fratris
1128 2198 1188 2219 Petri

309 2245 337 2266 de
352 2245 453 2266 Canellis
470 2244 556 2266 l’rioris
571 2244 625 2265 dicti
642 2245 798 2265 conventus...
814 2249 841 2264 ac
857 2243 976 2264 reverendi
992 2248 1058 2263 sacre
1074 2242 1191 2268 theologie

310 2290 412 2315 magistri
429 2289 515 2310 domini
531 2289 610 2310 fratris
625 2288 749 2310 Gabriellis
765 2288 792 2309 de
809 2287 880 2314 Papia
897 2294 924 2309 ex
940 2288 1047 2313 patribus
1071 2287 1125 2308 dicti
1142 2293 1189 2308 ino-

310 2334 404 2354 nasterii
421 2334 494 2354 sancti
511 2333 642 2359 Augustini.

365 2378 488 2399 Parimenti
504 2379 524 2399 ai
543 2378 566 2399 19
580 2378 664 2403 agosto
682 2378 740 2403 1533,
756 2383 799 2398 con
814 2378 865 2398 atto
880 2377 902 2397 di
919 2377 979 2397 Luca
1004 2376 1136 2401 Fianiberti,
1152 2376 1187 2396 nel

311 2422 439 2443 l‘arlatnrio
455 2423 491 2443 dci
515 2425 649 2443 monastero
665 2422 686 2442 di
702 2421 725 2443 S,
742 2421 825 2443 chiara
850 2421 1051 2442 deil'Annunzinia
1068 2420 1089 2441 di
1107 2420 1185 2445 ania,

310 2468 448 2488 venerabilis
473 2467 581 2487 dominus
606 2466 677 2487 trater
699 2466 786 2487 Nicolla
803 2466 831 2487 de
848 2466 926 2491 Lenta,
951 2465 1055 2486 sindicus
1071 2466 1093 2486 et
1109 2470 1191 2490 procu-

311 2514 399 2532 roton.
425 2512 498 2532 sancti
524 2511 646 2537 Augustini
673 2511 751 2537 papie,
775 2511 850 2531 riceve
865 2510 894 2531 da
910 2510 969 2531 Suor
985 2510 1069 2531 Bianca
1086 2509 1189 2535 Bescape

1238 1529 1371 1550 abbadessa
1387 1529 1408 1550 di
1424 1528 1447 1550 S.
1464 1529 1547 1551 Chiara
1559 1529 1599 1550 lire
1613 1529 1656 1555 127,
1672 1529 1732 1550 soldi
1742 1529 1766 1550 12
1775 1534 1786 1550 e
1796 1534 1884 1553 mezzo,
1896 1534 1938 1554 pro
1949 1527 2060 1554 porcione
2070 1528 2120 1549 tan-

1238 1576 1306 1600 gente
1322 1574 1385 1595 dicto
1410 1574 1534 1595 conventui
1559 1574 1633 1594 sancti
1650 1573 1774 1599 Augustini
1799 1579 1826 1594 ex
1842 1573 1947 1599 pecuniis
1962 1572 2064 1598 receptis
2079 1577 2120 1598 per

1241 1619 1328 1640 dictum
1344 1619 1510 1639 monasterium
1527 1620 1607 1639 sancte
1624 1617 1716 1639 Clare...
1733 1623 1774 1644 pro
1791 1623 1850 1643 paga
1866 1623 1910 1638 una
1926 1617 2064 1638 ducatorum
2079 1617 2119 1637 414

1241 1663 1269 1684 de
1282 1668 1373 1684 camera
1389 1663 1441 1683 anni
1459 1663 1509 1683 1484
1524 1663 1552 1683 de
1569 1668 1647 1683 mense
1672 1662 1777 1683 marcii...
1793 1667 1806 1682 a
1822 1661 1918 1683 Camera
1935 1661 2120 1687 Imprestitoruni

1242 1708 1332 1729 Montis
1354 1708 1471 1729 Veteris...
1488 1707 1510 1728 in
1525 1707 1620 1728 civitate
1644 1707 1802 1732 venetiarum,
1819 1711 1859 1732 per
1875 1706 1888 1726 il
1904 1706 1982 1731 legato
1998 1705 2019 1726 di
2035 1705 2120 1726 Bianca

1242 1752 1263 1773 di
1279 1752 1372 1774 Savoial
1389 1752 1478 1777 Questa
1494 1752 1598 1773 ricevnta
1613 1751 1625 1772 e
1640 1752 1705 1772 stesa
1719 1751 1764 1772 alla
1780 1756 1894 1777 presenza
1909 1750 1982 1771 anche
1998 1749 2118 1771 reverendi

1243 1802 1308 1818 sacre
1324 1797 1440 1822 theologie
1456 1796 1560 1817 doctoris
1576 1796 1662 1817 domini
1680 1795 1784 1821 magistri
1800 1795 1878 1815 tratris
1893 1794 1972 1821 Spiriti
1988 1794 2017 1815 de
2032 1793 2122 1815 Medio-

1241 1842 1293 1862 lano
1310 1841 1396 1862 f’rioris
1412 1841 1467 1862 dicti
1483 1842 1612 1862 conventus
1627 1840 1701 1861 sancti
1718 1839 1850 1865 Augustini.

1296 1886 1319 1906 ln
1335 1891 1364 1906 un
1380 1885 1454 1906 simile
1469 1886 1520 1906 atto
1543 1884 1578 1906 del
1603 1885 1682 1905 notaio
1698 1883 1831 1909 Fiamberti,
1847 1884 1869 1904 111
1884 1883 1939 1904 data
1954 1882 1981 1903 26
1995 1882 2120 1903 novembre

1245 1930 1302 1955 1538,
1319 1930 1435 1951 troviamo
1459 1930 1501 1950 che
1525 1929 1586 1950 nello
1608 1931 1687 1950 stesso
1709 1929 1843 1949 monastero
1858 1927 1998 1948 venerabilis
2013 1926 2121 1947 dominus

1243 1974 1314 1996 frater
1331 1975 1468 1995 Laurentius
1484 1974 1512 1995 de
1528 1973 1652 1994 Brambilla
1663 1973 1767 1994 sindicus
1778 1974 1800 1994 et
1816 1973 1980 1998 procurator...
1992 1971 2065 1993 sancti
2076 1970 2122 1992 Au-

1242 2020 1329 2045 gustini
1346 2019 1425 2045 Parme,
1441 2019 1516 2040 riceve
1525 2018 1554 2039 da
1565 2017 1625 2039 Suor
1634 2017 1717 2039 Chiara
1727 2017 1817 2038 Paroria
1825 2017 1958 2038 abbadessa
1970 2016 1992 2037 di
2003 2015 2026 2037 S.
2037 2015 2120 2038 chiara

1243 2065 1283 2085 lire
1297 2064 1337 2085 500
1352 2070 1363 2084 e
1380 2069 1467 2086 mezza.
1484 2068 1524 2089 per
1540 2063 1560 2083 la
1576 2067 1666 2083 somma
1681 2063 1801 2087 spettante
1816 2061 1838 2082 al
1853 2062 1969 2082 convento
1985 2060 2006 2081 di
2022 2059 2045 2081 S,
2061 2060 2121 2086 Ago-

1243 2109 1306 2129 stino
1331 2114 1373 2134 pro
1399 2107 1481 2133 paghis
1507 2107 1607 2132 receptis
1629 2106 1665 2127 dal
1690 2107 1806 2127 convento
1822 2105 1843 2126 di
1859 2105 1882 2126 S.
1899 2105 1982 2126 chiara
1998 2105 2035 2125 ual
2049 2104 2120 2125 solito

1241 2153 1314 2174 banco
1330 2152 1351 2173 di
1368 2152 1468 2174 Venezia
1484 2152 1513 2172 ab
1528 2157 1589 2172 anno
1599 2151 1649 2172 1484
1659 2150 1770 2171 inclusive
1785 2151 1856 2175 retro,
1867 2149 1903 2175 pel
1913 2149 1990 2175 legato
2001 2148 2023 2170 di
2035 2148 2119 2170 Bianca

1245 2197 1266 2218 di
1282 2196 1374 2218 Savoia.
1401 2196 1508 2217 Dichiara
1524 2201 1567 2221 pur
1582 2195 1604 2215 di
1621 2195 1722 2215 ricevere
1745 2194 1786 2215 lire
1804 2194 1848 2220 127,
1873 2193 1932 2214 soldi
1950 2193 1974 2214 12
1988 2198 2000 2214 e
2015 2192 2093 2213 denari
2108 2192 2122 2213 6

1246 2247 1288 2268 pro
1311 2241 1420 2267 porcione
1443 2241 1552 2265 tangente
1577 2239 1640 2260 dicto
1665 2238 1788 2260 conventui
1811 2238 1885 2259 sancti
1907 2237 2030 2263 Augustini
2046 2237 2120 2263 paglie

1244 2286 1330 2307 mensis
1346 2285 1420 2306 martii
1439 2285 1489 2306 1485
1504 2285 1585 2305 exacte
1600 2284 1622 2304 in
1637 2284 1732 2305 civitate
1748 2283 1906 2308 Venetiarum,
1922 2283 1966 2303 etc.

1298 2330 1322 2351 Αἰ
1337 2330 1360 2351 31
1379 2335 1458 2350 marzo
1475 2329 1526 2350 ¹540
1549 2329 1570 2349 in
1595 2334 1625 2349 un
1647 2329 1698 2349 atto
1721 2327 1742 2348 di
1765 2327 1823 2348 Gian
1838 2327 1934 2348 Aiberto
1949 2326 2060 2347 Morasco
2074 2327 2121 2347 tro-

1243 2375 1320 2396 viamo
1335 2375 1376 2395 che
1391 2374 1450 2394 irate
1466 2374 1594 2394 Fortunato
1609 2372 1638 2393 da
1654 2371 1743 2393 Cerano
1759 2372 1834 2392 riceve
1849 2371 1909 2392 dalla
1921 2370 2021 2391 badessa
2036 2369 2119 2395 Chiara

1242 2419 1331 2440 Parona
1347 2419 1387 2439 lire
1405 2419 1448 2444 127,
1464 2418 1523 2438 soldi
1541 2418 1564 2438 12
1579 2423 1590 2438 e
1606 2416 1684 2438 denari
1700 2416 1713 2437 6
1727 2416 1840 2441 imperiali
1856 2421 1897 2441 pro
1913 2420 1957 2436 una
1973 2414 2048 2435 media
2059 2419 2118 2440 paga

1246 2470 1288 2490 pro
1300 2469 1361 2484 anno
1376 2468 1445 2484 curso
1463 2462 1513 2483 1⁴85
1527 2462 1555 2482 de
1571 2467 1649 2482 mense
1674 2460 1823 2487 septembris,
1845 2459 1881 2480 del
1903 2459 1980 2485 legato
1996 2458 2017 2479 di
2034 2458 2118 2479 Bianca

1245 2509 1266 2529 di
1283 2508 1374 2529 Savoia.
