2305 3407
1930 161 1991 193 175

177 287 418 328 chaelangelus
444 287 484 319 de
509 285 736 328 Carmagnola
762 288 920 328 magister
945 286 1065 326 Studii,
1092 287 1191 319 frater
1217 288 1430 330 Augustinus
1455 290 1497 322 de
1524 291 1721 330 Monteaho,
1758 292 1859 324 frater
1893 292 1994 324 Fran—

177 350 290 382 ciscus
315 350 355 381 de
381 350 549 390 provintia
576 349 759 388 provintie,
781 349 840 390 ριίὶ
864 350 900 381 di
922 350 984 382 due
1009 351 1090 382 terzi
1112 350 1166 382 del
1189 351 1365 392 capItolo...
1392 354 1553 393 exposuit
1572 353 1672 385 trater
1698 354 1993 395 Michaelangelus

177 413 218 444 de
243 411 365 444 Oualla
391 412 543 444 similiter
567 412 667 443 frater
693 412 870 452 professus
896 413 1035 453 predicti
1063 414 1256 445 monasterii
1276 414 1368 454 quod
1386 423 1460 446 cum
1481 417 1617 456 propter
1642 416 1804 447 tumultus
1831 417 1991 448 bellorum

178 475 443 514 invasionesque
469 476 499 506 et
526 474 810 515 depopulationes
824 483 862 506 ac
877 475 1092 515 captivitates
1119 476 1258 507 militum
1285 476 1497 508 diversorum
1531 478 1773 509 exercituum...
1798 487 1838 509 ex
1867 479 1993 519 prediis

176 538 207 568 et
233 536 332 567 bonis
358 536 475 577 prefati
503 537 696 567 monasterii
723 537 848 577 percipi
876 546 941 568 non
968 539 1108 578 possent
1134 540 1181 569 tot
1207 538 1345 576 fructus,
1371 547 1412 570 ex
1440 539 1565 579 quibus
1591 539 1751 571 fratribus
1777 540 1895 580 prefati
1924 550 1994 572 mo-

177 599 313 630 nasterii
341 598 508 639 provideri
537 601 654 638 posset
680 599 721 630 de
747 608 861 630 eorum
890 600 977 630 victu
1005 602 1036 630 et
1063 601 1185 631 vestitu
1212 602 1243 632 et
1268 601 1344 632 aliis
1371 601 1585 639 necessariis,
1623 601 1716 633 multi
1759 602 1897 642 predicti
1925 612 1996 633 mo-

177 661 312 692 nasterii
340 660 458 691 tratres
483 660 590 691 coacti
632 660 766 692 fuerunt
806 661 993 701 predictum
1037 663 1277 694 monasterium
1311 663 1466 695 deserere
1491 665 1522 695 et
1547 663 1590 694 ad
1616 664 1725 695 aliena
1752 673 1787 696 se
1813 664 1994 696 transferre

176 723 378 754 monasteria
405 722 554 762 predicte
582 722 764 763 religionis,
792 724 821 754 in
849 723 974 763 quibus
1001 725 1057 755 vix
1085 725 1209 756 victum
1237 725 1359 756 habere
1386 727 1577 765 potuerunt.
1603 727 1635 757 et
1661 727 1687 757 si
1716 727 1850 757 vestitui
1870 728 1902 758 et
1919 727 1995 758 aliis

175 793 290 816 eorum
317 784 578 815 necessitatibus
604 793 798 816 succurrere
835 785 1034 823 debuerunt,
1071 787 1177 818 coacti
1215 786 1349 818 fuerunt
1382 787 1485 819 variis
1510 796 1547 819 se
1572 787 1697 819 debitis
1723 788 1930 820 submittere.
1958 788 1996 819 Et

176 846 349 887 presertim
377 845 528 886 prefatus
563 846 723 877 dominus
759 846 859 878 trater
896 847 1190 889 Michaelangelus
1228 847 1362 887 Gualla,
1388 850 1444 890 qui
1480 850 1544 881 iam
1571 852 1726 881 octavum
1754 850 1845 881 ducit
1870 859 1994 881 annum

176 909 248 940 eius
273 908 426 940 absentie
452 917 470 938 a
496 908 647 948 predicto
675 910 890 947 monasterio,
918 910 948 940 in
976 910 1112 941 civitate
1150 910 1220 949 Ast,
1258 911 1391 952 qualem
1430 912 1539 952 potuit
1576 913 1678 944 vitarn
1716 921 1811 944 suam
1838 913 1995 944 ducendo

177 971 351 1008 infirmam,
377 973 407 1002 et
433 970 464 1001 in
491 970 565 1010 ipsa
591 971 726 1002 civitate
753 970 813 1002 Ast
839 974 869 1002 et
895 972 973 1002 alibi
1002 972 1096 1012 plura
1121 974 1317 1004 contrahere
1355 974 1479 1012 debita,
1518 974 1662 1006 vestitus
1688 977 1718 1006 et
1745 975 1994 1006 medicinalium

176 1043 313 1065 suorum
339 1041 486 1064 causa...
512 1041 551 1064 ac
578 1033 678 1064 etiam
706 1033 736 1063 in
763 1034 897 1065 civitate
936 1034 1084 1075 Papie....
1123 1036 1242 1075 partini
1280 1036 1468 1067 occaxione
1506 1037 1623 1074 mutui,
1661 1037 1780 1077 partim
1807 1037 1994 1068 occaxione

176 1095 424 1127 medicinalium
451 1097 481 1126 et
507 1095 625 1135 partini
654 1096 754 1135 panni
782 1096 881 1127 unius
906 1105 1014 1136 cappe
1040 1105 1057 1128 a
1085 1099 1216 1137 portare
1242 1097 1353 1129 fratris
1380 1098 1489 1129 lacobi
1516 1099 1557 1130 de
1584 1101 1700 1130 sancto
1727 1098 1881 1136 Nazario,
1907 1098 1994 1129 alias

175 1157 334 1198 discipuli
377 1158 486 1197 ipsius
526 1157 653 1188 domini
695 1157 806 1189 fratris
849 1158 1152 1200 MichaeHsangeli,
1195 1159 1346 1200 prefatus
1387 1160 1546 1192 dominus
1572 1160 1673 1192 frater
1699 1161 1995 1201 Michaelangelus

175 1221 285 1252 extitit
309 1220 443 1251 debitor
468 1221 638 1250 scutorum
665 1220 799 1260 triginta
826 1221 975 1260 quinque
1002 1221 1053 1252 vel
1080 1222 1201 1259 circha,
1227 1231 1363 1253 causam
1390 1223 1490 1254 etiam
1517 1223 1667 1254 dantium
1705 1223 1857 1254 absentie
1885 1223 1994 1263 ipsius

176 1282 302 1313 domini
341 1281 452 1312 fratris
491 1281 785 1323 Michaelisangeli
812 1291 830 1313 a
857 1282 985 1322 prefata
1026 1283 1162 1315 civitate
1189 1283 1294 1324 Papie
1321 1286 1351 1316 et
1376 1285 1468 1316 dicto
1493 1286 1566 1316 eius
1593 1286 1809 1323 inonasteri0‚
1835 1285 1877 1316 ad
1905 1286 1995 1325 quod

176 1345 256 1376 totis
293 1344 469 1376 vixeribus
505 1345 597 1384 cupit
634 1353 669 1375 se
707 1345 877 1382 reducere,
915 1347 949 1376 ut
986 1345 1097 1377 valeat
1135 1346 1228 1378 iuxta
1265 1347 1400 1378 solitum
1440 1348 1564 1379 ibidem
1593 1348 1624 1378 in
1651 1348 1776 1379 divinis
1814 1348 1996 1379 deservire.

176 1407 413 1448 Exposuitque
439 1408 538 1438 etiam
565 1407 657 1447 quod
685 1406 835 1447 prefatus
861 1407 1020 1439 dominus
1047 1408 1340 1449 Michaelangelus
1367 1409 1467 1440 habet
1493 1410 1557 1440 iani
1585 1409 1686 1450 longo
1719 1412 1869 1450 ternpore
1895 1409 1995 1440 tibias

176 1470 336 1508 infirmas,
362 1470 488 1509 quibus
514 1469 571 1500 vix
598 1478 634 1500 se
660 1469 852 1500 substinere
878 1471 1001 1509 potest,
1031 1470 1211 1510 minusque
1237 1471 1519 1503 medicaminibus
1546 1472 1735 1512 providere,
1772 1473 1897 1502 attenta
1923 1471 1997 1502 eius

177 1532 278 1563 nimia
305 1533 503 1572 paupertate
529 1533 560 1563 et
586 1531 789 1563 necessitate
815 1540 881 1572 qua
908 1532 939 1562 in
967 1533 1211 1572 presentiarum
1238 1533 1381 1564 ducitur.
1407 1533 1587 1565 Domcmcla
1623 1534 1738 1573 quincii
1773 1533 1997 1564 l’autorizza-

173 1595 269 1625 zione
294 1602 314 1625 a
341 1593 476 1625 vendere
501 1602 543 1624 zm
568 1602 628 1624 suo
649 1595 746 1633 prato
772 1593 806 1624 cli
832 1594 918 1625 venti
937 1594 1081 1634 pertictlie
1106 1594 1159 1626 nel
1183 1595 1294 1635 Borgo
1319 1604 1426 1627 nuovo
1459 1595 1513 1627 del
1538 1595 1749 1631 Siccomarm,
1772 1604 1834 1636 per
1857 1596 1913 1627 lire
1938 1597 1997 1628 [m-

170 1655 290 1697 periali
317 1656 338 1687 7
358 1655 426 1687 alla
448 1656 584 1696 pertica,
610 1655 776 1696 offertegli
799 1655 843 1687 cla
871 1654 1039 1688 Giovanni
1074 1655 1212 1697 Stefano
1238 1657 1280 1688 ed
1303 1657 1446 1688 Antonio
1472 1657 1515 1688 da
1541 1656 1574 1690 S.
1601 1657 1800 1697 PeHengno,
1827 1658 1996 1689 humiliter

174 1718 402 1759 supplicando
430 1720 598 1758 quatenus
622 1718 803 1759 dignentur
828 1718 969 1758 predicti
995 1718 1122 1749 domini
1150 1717 1244 1749 Prior
1269 1720 1300 1750 et
1324 1718 1443 1751 fratres
1469 1719 1696 1751 calamitatum
1724 1719 1843 1760 prefati
1870 1720 1996 1751 domini

177 1780 290 1812 fratris
317 1780 609 1821 Michaelisangeli
648 1780 796 1811 misereri
823 1789 883 1811 seu
909 1780 1027 1812 saltem
1065 1781 1217 1812 eiusdem
1260 1781 1495 1821 indempnitati
1535 1782 1726 1822 providere,
1753 1784 1787 1813 ut
1813 1783 1923 1822 possit
1950 1791 1999 1813 re-

174 1842 302 1882 liquum
330 1843 396 1873 vite
423 1851 483 1874 sue
510 1842 541 1873 in
567 1842 694 1873 divinis
719 1842 871 1882 predicto
898 1842 1103 1874 monasterio
1130 1842 1313 1881 deservire,
1339 1845 1370 1875 et
1396 1843 1488 1884 quod
1525 1844 1626 1875 debet
1663 1844 1888 1875 creditoribus
1914 1845 1996 1879 suis.

168 1907 202 1936 ut
228 1913 342 1945 supra,
369 1904 575 1945 persolvere.
604 1903 725 1936 Pretati
753 1914 900 1945 namque
927 1905 1054 1936 domini
1085 1904 1180 1936 Prior
1205 1908 1236 1937 et
1261 1905 1382 1937 fratres
1408 1907 1456 1937 sic
1489 1906 1718 1947 capitulariter
1757 1907 1936 1938 convocati
1963 1908 1997 1938 ut

170 1975 285 2007 supra,
313 1967 399 1998 visis
424 1968 456 1998 et
481 1967 607 1998 auditis
633 1967 807 2007 predictis,
833 1968 974 1999 honeste
1001 1968 1214 2008 requisitioni
1242 1968 1361 2009 prefati
1388 1969 1514 2000 domini
1553 1969 1663 2000 fratris
1701 1969 1994 2010 Michaelisangeli

169 2038 317 2060 annuere
345 2029 513 2067 volentes,
541 2029 667 2060 meritis
694 2030 854 2060 virtutum
881 2030 1101 2070 moribusque
1126 2031 1210 2068 eius,
1236 2031 1363 2070 quibus
1388 2031 1499 2062 clarus
1525 2031 1636 2062 adhuc
1669 2031 1823 2071 usquein
1841 2031 1992 2071 predicto

174 2092 378 2122 monasterio
405 2092 548 2123 extitit...
575 2093 606 2123 et
626 2093 660 2122 ut
686 2092 784 2122 ceteri
812 2091 931 2132 prefati
958 2092 1084 2123 domini
1103 2092 1223 2123 fratres
1249 2094 1280 2124 et
1306 2093 1360 2123 alii
1380 2093 1437 2133 qui
1457 2101 1515 2133 per
1532 2095 1683 2133 tempora
1702 2094 1798 2124 erunt
1817 2093 1848 2123 in
1865 2092 1996 2133 pretato

174 2154 392 2191 monasterio,
419 2153 509 2184 bono
534 2154 647 2184 animo
674 2153 808 2184 valeant
834 2154 864 2184 in
891 2154 1018 2185 divinis
1033 2154 1203 2185 deservire
1228 2156 1259 2185 et
1285 2155 1316 2185 in
1343 2155 1525 2186 eorundem
1545 2153 1997 2186 necessitatibusaChristi-

173 2215 333 2247 fidelibus
359 2215 545 2253 subveniri,
571 2215 757 2247 accordano
783 2215 816 2246 la
842 2215 967 2246 chiesta
993 2216 1264 2247 autorizzazione
1285 2225 1346 2256 per
1368 2216 1400 2247 [α
1427 2216 1566 2248 vendita.
1593 2216 1619 2248 Il
1642 2216 1786 2248 secondo
1804 2218 1938 2247 trattato
1963 2217 1994 2247 si

171 2278 254 2310 tiene
279 2278 303 2309 il
331 2278 371 2310 10
395 2278 542 2318 maggio,
567 2277 591 2309 il
616 2279 704 2309 terzo
730 2286 746 2308 e
772 2277 804 2308 la
832 2277 964 2309 vendita
989 2277 1013 2309 il
1033 2278 1152 2317 giorno
1182 2278 1230 2309 II.

174 2435 234 2456 della
250 2435 306 2461 Ripa
322 2436 342 2456 :ii
358 2436 384 2455 20
399 2435 515 2456 diceinbre
533 2435 590 2460 1535,
607 2435 647 2455 che
663 2434 753 2454 avendo
771 2434 897 2454 Francesco
915 2434 1016 2459 manent,
1032 2434 1053 2454 di

174 2479 271 2505 Milano,
288 2480 385 2500 tittstbilc
401 2479 437 2500 dcl
453 2481 577 2503 convento,
590 2479 672 2499 utterto
684 2479 727 2499 nlla
740 2478 863 2499 Conninitii
875 2479 914 2499 liri·
926 2479 1050 2503 cinquanta

174 2524 296 2550 imperiali,
313 2524 396 2549 perch(¹
412 2524 429 2544 si
447 2524 565 2544 riduccssc
582 2524 594 2543 il
611 2529 680 2543 censo
697 2523 718 2543 di
736 2523 905 2543 {nescit-soilli
923 2524 973 2543 ‹itti›
985 2523 1055 2548 inipe-

175 2568 224 2589 riali
239 2569 325 2593 ch'egli
342 2568 399 2589 deve
425 2574 464 2593 per
483 2568 504 2588 17
522 2569 623 2593 pcrtichc
640 2568 660 2587 di
679 2570 770 2587 teri-cni»
795 2573 815 2587 ιιι
839 2567 959 2591 Casinate,
975 2572 987 2586 a
1004 2567 1052 2586 sole

174 2613 215 2633 lire
232 2614 265 2633 tre
280 2613 403 2636 all'anno:
427 2613 454 2633 cd
478 2613 569 2633 avendo
587 2613 599 2632 n
616 2614 731 2632 conventu
757 2612 855 2635 insnum»
871 2611 892 2631 di
910 2611 996 2631 ilcnuro
1013 2617 1052 2636 pei*

173 2657 296 2678 sovvenire
312 2657 332 2677 :il
350 2663 454 2677 mussuro
470 2657 511 2677 che
536 2657 614 2677 lavam
631 2657 650 2677 1.ι
672 2662 822 2682 possessione
838 2657 859 2676 di
876 2657 1020 2681 Allniazano,
1036 2656 1054 2675 si

174 2701 262 2722 raduna
278 2702 292 2722 il
308 2701 417 2727 Capitolo
439 2703 563 2727 composti)
586 2701 622 2721 del
647 2701 724 2721 l‘riore
748 2701 857 2726 magister
873 2700 1009 2721 Adcodntus
1025 2700 1052 2720 dc

175 2746 284 2766 Fivixano
300 2752 311 2766 e
327 2745 363 2766 dei
380 2746 480 2771 religiosi
497 2746 607 2771 magister
619 2745 711 2766 Gabriel
721 2745 748 2765 de
759 2745 838 2770 Papia,
849 2745 958 2770 magister
971 2744 1053 2765 Petrus

176 2790 204 2811 de
228 2789 337 2816 Canellis,
363 2791 474 2815 magister
497 2790 661 2816 Sigismondus
685 2790 713 2811 de
737 2789 881 2814 Mediolano,
907 2789 1052 2810 bachalarius

1110 2433 1180 2454 trater
1197 2434 1339 2455 Fortunatus
1363 2434 1391 2455 de
1416 2434 1506 2455 Cerano
1531 2436 1677 2459 procurator,
1703 2434 1773 2455 trater
1795 2434 1938 2460 Seraphinus
1961 2435 1988 2456 de

1107 2479 1189 2498 sancto
1215 2478 1311 2503 Angelo,
1337 2478 1407 2498 trater
1432 2479 1540 2504 Orpheus
1556 2478 1583 2498 de
1600 2478 1718 2504 VercelliS,
1743 2478 1814 2499 frater
1839 2479 1944 2499 Valerius
1960 2479 1988 2500 dc

1111 2522 1206 2545 Briscia,
1229 2522 1300 2543 trater
1323 2522 1521 2547 Miclmelangelus
1544 2522 1571 2542 dc
1588 2522 1748 2547 Crernagnolla
1774 2523 1884 2547 magister
1906 2523 1986 2548 studii,

1108 2567 1177 2587 irati-r
1194 2567 1276 2592 loseph
1293 2566 1320 2587 dc
1337 2567 1455 2587 Vincentia
1480 2572 1569 2591 cursor,
1595 2566 1665 2587 irater
1690 2567 1835 2592 Augustinus
1850 2567 1877 2587 de
1894 2567 1987 2588 Arimini

1107 2617 1196 2635 cursor,
1223 2611 1293 2632 irater
1319 2611 1424 2632 Valerius
1440 2611 1468 2632 dc
1485 2611 1601 2636 Fivizano,
1618 2611 1688 2632 trater
1705 2612 1866 2632 sscrtotamcns
1882 2613 1987 2638 ispanus,

1110 2655 1180 2676 traici·
1196 2656 1295 2676 Michael
1311 2656 1339 2676 dc
1356 2655 1443 2681 padua,
1459 2655 1530 2676 trater
1553 2656 1692 2676 Laurentius
1708 2656 1735 2676 dc
1752 2656 1832 2682 Papia,
1858 2656 1928 2677 trater
1944 2657 1987 2677 Αιι-

1108 2700 1173 2725 gelus
1189 2700 1216 2720 de
1233 2700 1361 2725 Macci-ata,
1377 2699 1415 2725 piu
1432 2700 1453 2720 di
1470 2700 1514 2720 due
1540 2700 1596 2720 terzi
1623 2700 1659 2721 del
1685 2700 1802 2726 Capitolo,
1818 2706 1829 2721 c
1845 2706 1949 2726 approva
1966 2701 1985 2721 ln

1109 2744 1228 2764 riduzionc
1243 2743 1279 2764 dcl
1295 2749 1365 2764 censo
1381 2745 1495 2770 proposta
1511 2744 1548 2765 dal
1564 2744 1666 2765 Bianchi.
