2305 3407
1959 133 2024 164 219

211 256 370 295 Cezadio‚
395 257 495 289 frater
520 256 677 290 Clemens
703 259 743 290 de
770 259 886 300 Papia,
913 260 1011 292 frater
1037 260 1194 293 Aurelius
1220 262 1261 294 de
1289 262 1413 294 Luzero
1439 266 1470 294 et
1495 263 1593 295 frater
1620 264 1804 296 ieronimus
1819 266 1860 296 de
1880 266 2021 303 Mutina,

211 320 407 352 facientes...

212 383 331 414 vicario
351 382 440 422 frate
463 383 583 414 Nicola
608 383 857 415 d'Alessaridri'a
875 382 934 424 (1).

433 320 499 352 fere
525 322 629 352 totum
655 323 686 352 et
713 321 876 362 integrum
904 321 1110 363 Capitulum,
1137 325 1166 355 si
1190 324 1305 364 elegge
1325 328 1536 365 procuratore
1561 326 1613 357 del
1639 329 1796 358 convento
1822 328 1845 358 il
1869 329 2021 360 suddetlo

997 586 1221 626 CMXII.

294 693 320 720 11
347 692 509 728 Capitolo
536 693 571 721 di
598 693 633 722 S.
662 694 832 722 Mostiola
858 695 976 723 riceve
1003 695 1026 722 il
1052 700 1264 731 pagamento
1290 697 1324 724 di
1351 706 1394 724 un
1421 706 1535 726 annuo
1561 698 1692 734 legato.

852 817 990 841 1546
1001 833 1014 848 ‚
1047 825 1082 842 a
1090 826 1124 848 p
1130 819 1171 842 ri
1180 807 1231 843 14-
1241 834 1254 849 ,
1287 820 1376 844 24.

733 913 810 937 (Arcu.

261 1096 379 1212 N

461 1173 560 1205 frater
586 1172 742 1205 Aurelius
768 1174 915 1205 astensis
934 1173 1062 1205 Prior..

201 1358 313 1399 legato
332 1357 394 1399 (2).

256 1518 285 1540 il)
301 1516 326 1537 Αἰ
342 1516 368 1537 26
383 1516 404 1537 di
421 1522 499 1537 marzo
515 1516 641 1537 1'autorita
656 1517 778 1538 comunale
801 1516 878 1540 (Arch.
894 1517 932 1537 del
946 1517 1032 1538 Museo
1043 1516 1078 1538 Ci-

201 1562 260 1582 vicot
277 1572 302 1575 —
317 1561 368 1582 Atti
382 1561 407 1582 ‹11‘
422 1561 535 1587 Provvis„
553 1560 627 1582 Pacco
645 1562 677 1585 15)
694 1561 797 1582 delibera
820 1561 884 1588 quod
905 1561 1012 1587 plaustra
1028 1561 1075 1583 duo

201 1606 315 1632 lignorum
330 1606 410 1626 debita
435 1605 572 1631 magnificae
588 1605 732 1627 Comunitati
749 1611 789 1632 per
805 1605 885 1628 Rever.
912 1606 1017 1627 Marcum
1034 1606 1078 1627 Αη-

196 1651 285 1672 tonium
302 1650 456 1671 lximbardum
472 1651 508 1671 vel
523 1650 624 1676 pretium
640 1651 744 1676 ipsorum
761 1651 884 1677 lignorum,
901 1651 964 1677 quod
976 1651 1075 1677 pretium

195 1697 351 1721 componatur
365 1695 462 1716 arbitrio
472 1695 615 1721 prefatorum
627 1695 802 1721 magnificorum
813 1696 934 1721 abbatum,
946 1696 1075 1722 exigantur,

196 1741 218 1761 et
233 1740 365 1761 huiusmodi
381 1740 494 1766 pecuniae
509 1739 593 1760 dentur
609 1740 742 1761 reverendis
753 1739 853 1760 dominis
863 1741 982 1761 Fratribus
998 1741 1073 1762 sancti

196 1784 260 1806 Pauli
276 1790 318 1811 pro
334 1785 401 1810 parte
415 1784 541 1805 solutionis
556 1784 647 1805 illorum
669 1786 789 1805 scutorum
813 1784 911 1805 duorum
928 1785 1015 1806 eisdem
1033 1791 1074 1811 per

195 1829 271 1856 ipsam
287 1829 432 1855 magnificam
447 1829 621 1850 Comunitatem
632 1834 674 1854 pro
685 1829 812 1850 elemosina
827 1830 1016 1855 assignatoruni,·
1032 1836 1079 1851 res-

196 1874 289 1895 siduum
304 1879 360 1895 vero
375 1874 482 1899 exigatur
505 1875 528 1894 et
553 1874 659 1894 solvatur
684 1874 772 1895 eisdem
798 1874 931 1895 reverendis
955 1875 1076 1895 Fratribus

197 1919 260 1939 iuxta
274 1918 372 1939 formam
387 1918 553 1943 ordinacioniS,
569 1918 695 1944 superinde
718 1919 836 1944 preteritis
861 1919 980 1939 mensibus
996 1921 1018 1940 ct
1034 1925 1075 1940 seu

197 1963 226 1984 de
241 1969 302 1984 anno
318 1963 422 1989 proxime
437 1963 551 1989 preterito
567 1962 635 1984 tacte.

252 2008 316 2028 Nello
332 2009 410 2028 stesso
425 2007 533 2028 Archivio
542 2007 688 2033 Istriinietzti,
704 2009 761 2028 cart.
777 2009 796 2033 5,
807 2008 951 2028 troviamola
963 2008 1075 2034 ricevuta,

198 2052 239 2073 clic
255 2052 268 2072 il
284 2052 387 2077 capitolo
403 2051 425 2072 di
441 2051 464 2072 S.
481 2051 562 2077 Paolo,
578 2052 600 2072 in
615 2052 650 2072 cui
667 2052 740 2077 figura
765 2053 838 2072 ancile
854 2058 883 2072 un
899 2052 957 2073 irate
974 2052 1075 2073 Antonio

198 2097 227 2117 da
244 2096 322 2120 Pavia,
339 2096 430 2117 rilascia
455 2096 476 2117 al
501 2095 655 2117 procuratore
680 2096 716 2117 del
739 2096 851 2122 Comune,
875 2102 916 2122 per
940 2097 960 2117 la
984 2102 1075 2118 somma

198 2142 220 2162 di
235 2142 248 2162 2
263 2141 328 2162 scndi
345 2141 418 2161 d'oro
433 2141 529 2166 italiani,
546 2141 734 2166 rappresentanti
751 2141 764 2161 il
781 2141 859 2161 valore
881 2141 916 2161 dei
939 2142 951 2161 4
973 2141 1030 2162 carri
1054 2141 1075 2161 di

198 2187 273 2211 legnai

253 2231 277 2251 Ai
297 2232 319 2251 15
335 2230 434 2256 inaggiO,
451 2236 494 2251 con
509 2231 560 2251 atto
576 2230 597 2250 di
613 2229 690 2251 Guido
705 2230 831 2255 Mangano,
843 2230 967 2251 adunatosi
980 2230 993 2250 il
1010 2229 1078 2256 Capi-

199 2275 256 2301 tolo,
272 2275 300 2295 (le
316 2274 426 2295 mandato
441 2274 527 2295 domini
543 2274 621 2295 fratris
637 2274 724 2295 Nicolai
740 2274 769 2295 de
784 2274 922 2295 Alexandria
934 2274 1011 2295 vicarii
1023 2274 1078 2295 dicti

198 2320 342 2344 monasterii,
357 2320 449 2340 attenta
464 2319 597 2340 absentiam.
615 2318 700 2339 domini
723 2318 802 2339 fratris
825 2318 888 2340 Pauli
905 2319 933 2340 de
949 2318 1014 2340 Covo
1030 2324 1077 2340 cre-

200 2364 343 2384 :nonensisw
361 2363 454 2389 Prioris,
478 2363 585 2384 absentis
600 2368 612 2384 a
628 2362 734 2389 predicto
754 2364 897 2384 monasterio
917 2364 939 2384 et
955 2362 1074 2384 Comitatu

201 2407 280 2434 papie,
289 2409 324 2429 nel
334 2408 402 2434 quale
413 2408 521 2434 Capitolo
533 2414 603 2429 erano
613 2408 686 2429 anche
696 2408 768 2429 trater
779 2407 893 2429 Pacificus
904 2407 932 2428 de
943 2407 1079 2433 Garlasclio,

199 2453 270 2474 trater
286 2453 317 2474 lo.
333 2453 448 2474 Antonius
470 2453 498 2474 de
521 2452 633 2478 Cezadio,
657 2452 728 2474 trater
743 2452 850 2474 Clemens
865 2452 894 2473 de
910 2452 990 2478 Papia,
1005 2452 1077 2473 frater

200 2498 308 2519 Aurelius
324 2498 351 2519 de
368 2498 468 2519 Lucerro
491 2499 513 2519 et
534 2498 606 2519 frater
630 2498 757 2519 leronimns
773 2498 801 2518 de
816 2497 916 2523 Mutina,
939 2497 977 2523 piu
993 2497 1015 2518 di
1031 2497 1076 2518 due

1089 1173 1190 1206 frater
1209 1174 1344 1208 Roehus
1364 1176 1404 1207 de
1423 1174 1670 1217 Camayrana...

418 1270 423 1271 ⁷
461 1235 614 1276 Baptista
640 1236 797 1273 astensis,
823 1238 1097 1276 representantes
1123 1238 1228 1268 totum
1254 1239 1285 1268 et
1312 1237 1475 1278 integrum
1502 1236 1709 1278 Capitulum,
1735 1239 1766 1270 si
1781 1239 1915 1271 rilasci'a
1940 1241 2020 1272 rice-

202 1298 277 1328 vata
303 1297 337 1328 al
361 1298 454 1328 conte
479 1297 628 1329 Lociriffl'o
665 1297 835 1335 Beccaria,
868 1300 1079 1338 procuratore
1105 1298 1158 1330 del
1181 1301 1274 1330 conte
1301 1298 1474 1331 Galeazzo
1500 1299 1670 1337 Beccaria,

827 914 907 934 Notar.
924 914 945 935 di
964 914 1042 935 Pavia.
1060 927 1083 929 —
1100 915 1147 936 Atti
1164 916 1185 935 (li
1203 916 1354 937 Bartoloineo
1371 916 1474 937 Bellieno
1492 935 1495 937 .

440 1115 483 1141 ΕΙ.
507 1119 582 1142 coro
607 1110 646 1142 di
669 1110 701 1143 S.
729 1111 897 1149 Moslt'ola,
923 1111 1070 1143 adunato
1107 1112 1130 1143 il
1165 1112 1320 1152 capitolo,
1346 1113 1377 1143 in
1403 1114 1456 1144 cui
1480 1122 1578 1145 erario
1615 1115 1821 1146 reverendus
1859 1116 2017 1147 dominus

1697 1178 1849 1209 sindicus
1868 1180 1898 1209 et
1918 1179 2018 1210 frater

1707 1301 1761 1332 del
1783 1301 1881 1332 solito
1906 1311 2016 1334 annuo

1133 1517 1190 1538 terzi
1207 1517 1243 1538 del
1266 1517 1384 1544 Capitolo,
1400 1518 1513 1544 eleggono
1539 1519 1685 1544 procuratori
1711 1519 1747 1539 dcl
1772 1519 1894 1541 Convento
1918 1520 2012 1542 tratrem

1131 1561 1229 1583 Paulum
1245 1562 1274 1584 de
1289 1562 1425 1584 Mediolano
1441 1563 1552 1584 vicarium
1568 1565 1590 1584 et
1607 1563 1701 1584 tratrem
1718 1563 1857 1589 Rapliaelem
1873 1564 2013 1586 Sirriaclium

1133 1606 1275 1633 professum,
1291 1607 1313 1628 in
1330 1608 1472 1628 monasterio
1488 1609 1568 1629 sancte
1593 1608 1667 1629 Marie
1690 1608 1807 1629 Coronate
1823 1609 1960 1635 Mediolani,
1976 1611 2015 1631 al}

1133 1654 1213 1673 sentes
1229 1653 1349 1678 tamquam
1374 1654 1523 1677 presentes...
1548 1653 1708 1678 specialiter..
1734 1653 1764 1673 ad
1789 1654 1922 1674 instandum
1939 1655 1961 1675 et
1978 1660 2015 1680 pc-

1133 1696 1227 1717 tenduin
1252 1702 1330 1718 coram
1354 1697 1482 1723 magnificis
1498 1698 1520 1718 et
1537 1698 1732 1723 prestantissirnis
1756 1698 1930 1720 iurisconsultis
1945 1699 2015 1720 Cesa>

1130 1741 1223 1767 reisque
1239 1741 1392 1762 Senatoribus
1408 1741 1508 1762 dominis
1525 1741 1594 1762 Petro
1612 1742 1683 1762 Panlo
1700 1742 1801 1768 Arigono
1811 1745 1833 1764 ct
1846 1743 1943 1764 Marciis>
1960 1743 2013 1764 Bai-

1129 1787 1216 1807 bavara
1239 1786 1354 1811 delegatis
1379 1792 1450 1812 super
1475 1787 1590 1807 revisione
1614 1787 1691 1807 extimi
1716 1788 1798 1808 ruralis
1818 1788 1919 1809 civitatis
1935 1790 1957 1809 et
1973 1788 2015 1810 Co>

1134 1831 1231 1851 miratus
1247 1830 1326 1857 Papie,
1342 1837 1383 1857 per
1398 1832 1505 1852 ottenere
1521 1831 1541 1852 la
1557 1831 1728 1852 canceilazione
1744 1832 1891 1853 dcll'estimo
1908 1833 1983 1853 rurale
1992 1834 2012 1853 di

1132 1875 1210 1901 Mede,
1227 1875 1248 1896 di
1265 1881 1310 1896 una
1335 1877 1396 1896 terra
1421 1875 1457 1896 del
1483 1875 1604 1897 Convento
1621 1876 1641 1895 di
1658 1876 1680 1896 S⁴
1699 1876 1779 1901 l'aolo,
1805 1877 1863 1897 della
1887 1877 1973 1897 niisnra
1990 1877 2010 1897 di

1134 1920 1156 1940 17
1172 1921 1284 1945 perticlic,
1301 1921 1322 1940 in
1339 1920 1408 1940 Mede
1424 1920 1445 1940 [li
1463 1920 1596 1944 Lomellina,
1613 1926 1624 1940 c
1641 1922 1681 1941 clio
1697 1922 1715 1940 si
1728 1921 1810 1941 iscriffl
1823 1920 1967 1941 nell'estinw
1984 1928 2012 1942 cv-

1133 1964 1178 1985 vilc
1193 1966 1258 1985 sotto
1274 1965 1287 1985 il
1304 1970 1372 1985 nome
1388 1964 1424 1985 del
1440 1964 1570 1986 Convento.

1184 2009 1214 2032 (2)
1233 2009 1258 2029 Ai
1275 2010 1300 2030 23
1315 2009 1394 2034 lnglio,
1410 2015 1453 2030 con
1468 2010 1519 2030 atto
1535 2009 1557 2029 di
1573 2009 1630 2030 Gian
1648 2009 1774 2029 Domenico
1792 2009 1880 2033 l'nveii,
1898 2010 2012 2030 radunato

1131 2053 1144 2073 il
1161 2052 1270 2078 Capitolo
1286 2053 1307 2073 di
1324 2053 1346 2073 S.
1364 2053 1485 2078 Mostiola,
1501 2053 1528 2073 tle
1546 2053 1656 2073 mandato
1672 2053 1757 2073 domini
1781 2053 1859 2073 initiis
1882 2053 1966 2074 Aurelii
1983 2054 2010 2073 de

1130 2097 1173 2118 Ast
1190 2097 1284 2123 l’rioris,
1300 2097 1322 2118 in
1337 2097 1373 2118 cui
1390 2097 1521 2118 trovaronsi
1538 2103 1580 2118 con
1597 2097 1626 2117 lni
1643 2097 1714 2118 trater
1730 2097 1856 2123 Gregorius
1872 2098 1899 2118 de
1916 2098 2008 2118 Carina-

1132 2142 1201 2167 gnola
1217 2142 1327 2167 teollogie
1344 2142 1455 2167 magister
1470 2142 1492 2162 et
1508 2141 1579 2162 frater
1603 2141 1694 2162 lx'oclins
1710 2141 1737 2162 de
1754 2141 1907 2167 Caniayrana,
1930 2148 2010 2162 onium-

1128 2185 1212 2206 tratres
1228 2185 1327 2211 professi
1345 2186 1365 2206 in
1382 2186 1444 2206 dicto
1461 2186 1611 2211 monasterio,
1629 2185 1666 2211 pin
1683 2186 1704 2206 cli
1721 2185 1766 2206 due
1778 2186 1833 2206 terzi
1846 2186 1882 2206 dcl
1894 2186 2010 2211 Capitulu,

1132 2230 1150 2250 si
1167 2230 1195 2250 da
1211 2230 1349 2251 investitura
1374 2230 1503 2251 novennale
1519 2230 1547 2251 ad
1563 2230 1683 2250 Albertino
1706 2230 1765 2250 della
1789 2230 1885 2252 Rovere.
1902 2231 1923 2251 (li
1941 2230 2011 2251 Reun-

1133 2275 1201 2301 valle,
1217 2275 1239 2295 ui
1255 2281 1300 2296 una
1315 2275 1383 2300 vigna
1399 2275 1420 2295 di
1439 2275 1462 2295 12
1477 2275 1580 2301 perticlie
1597 2275 1617 2295 in
1634 2275 1686 2300 quel
1703 2275 1781 2300 luogo,
1798 2281 1838 2301 per
1849 2276 1943 2295 l'annno
1960 2275 2011 2295 titio

1132 2319 1153 2340 di
1170 2321 1221 2341 otto
1238 2320 1297 2341 mine
1313 2320 1334 2341 di
1351 2319 1476 2341 frumento.

1183 2364 1208 2385 Ai
1228 2365 1251 2385 13
1265 2364 1382 2385 dicembre
1398 2364 1420 2385 lo
1435 2366 1514 2385 stesso
1530 2364 1640 2390 capitolo,
1657 2364 1678 2384 di
1694 2364 1729 2385 cni
1743 2364 1763 2385 la
1776 2366 1842 2389 parte
1857 2365 1929 2385 anclie
1940 2364 2010 2384 irater

1135 2408 1272 2429 Guiliclmus
1288 2409 1316 2429 de
1332 2408 1441 2433 Novaria,
1457 2413 1500 2429 con
1515 2409 1566 2429 atto
1581 2408 1602 2428 di
1619 2408 1746 2429 Tonnnnso
1761 2408 1892 2433 Quarcsrni,
1908 2408 2009 2433 eteggea

1132 2452 1227 2478 proprio
1243 2452 1416 2474 Conservatore
1432 2452 1533 2473 Battista
1549 2452 1577 2473 da
1593 2452 1698 2473 Mortara
1723 2452 1838 2473 Prevosto
1862 2452 1921 2473 della
1937 2452 2011 2473 Colis*

1131 2497 1193 2523 giaia
1210 2497 1231 2517 di
1247 2496 1270 2518 S.
1287 2497 1386 2518 Micliele
1401 2497 1423 2517 di
1440 2497 1550 2518 Lomello.
