2305 3407
290 149 350 181 158

982 331 1398 372 DCCCXXXIII.

372 442 615 478 Disposizioni
641 441 906 470 testamentarie
933 441 967 469 di
993 441 1139 468 Alberto
1165 440 1298 468 villani
1325 449 1344 468 a
1370 440 1491 468 favore
1517 439 1551 468 di
1577 440 1612 468 S.
1639 439 1826 475 Agostino.

932 563 1066 587 1529
1077 578 1090 592 ⁹
1122 564 1343 594 agusto.
1363 562 1414 586 3(
1423 548 1457 587 ).⁷

767 652 835 675 (Arcu
861 651 941 672 Notat.
958 651 979 671 di
997 651 1074 671 l’avia.
1092 662 1115 664 ᾖ
1132 651 1179 671 Atti
1196 651 1217 671 di
1234 650 1291 671 omn
1309 651 1450 671 Bernardino
1467 651 1525 672 della
1543 651 1599 676 Ripa
1617 668 1619 671 .

348 837 468 953 N
529 854 619 880 ELLA
644 858 724 880 cusu
750 849 803 880 del
827 851 989 885 testatore,
1028 849 1059 880 ιή
1097 848 1297 879 Parroccln'a
1334 849 1368 880 di
1392 848 1425 881 S.
1451 849 1614 880 Invenzl'o.
1656 850 1862 880 Testamento
1899 848 1933 879 di
1967 847 2099 879 »liberto

558 912 677 943 Villcmi
701 912 754 943 tle!
771 911 812 952 fu
838 911 993 948 anhino,
1019 911 1054 942 cii
1078 910 1196 947 Paviu,
1221 910 1274 942 nel
1298 911 1396 950 quale
1432 911 1570 951 dispone
1607 911 1698 951 quod
1736 911 1809 941 eius
1835 910 1982 941 cadaver
2007 908 2100 941 defe—

550 978 639 1006 ratur
664 975 706 1006 ad
732 974 909 1006 ecclesiam
936 974 1042 1005 sancti
1070 973 1249 1014 Augustini
1293 972 1408 1014 Papio,
1449 972 1588 1005 Ordinis
1615 973 1869 1009 Heremitarum,
1906 977 1936 1003 et
1975 972 2098 1003 ibidem

280 1038 461 1078 sepeliatur
487 1038 518 1068 in
544 1037 726 1078 sepulchro
753 1037 845 1077 quod
873 1037 945 1077 ipse
971 1039 1110 1067 testator
1135 1036 1285 1067 construi
1313 1035 1392 1067 fecit
1418 1036 1449 1066 in
1477 1036 1549 1076 ipsa
1576 1036 1752 1067 ccclesia...
1780 1035 1891 1066 ltem...
1918 1035 2005 1075 legat
2023 1044 2101 1066 con—

281 1101 392 1131 ventui
419 1101 524 1131 sancti
553 1099 733 1141 Augustini
761 1099 902 1140 predicti
930 1099 1032 1130 libras
1074 1100 1207 1129 centum
1236 1098 1459 1138 imperiales...
1486 1100 1517 1129 et
1543 1098 1606 1128 hoc
1631 1106 1744 1129 amore
1771 1096 1843 1138 Dey
1870 1100 1900 1128 et
1927 1097 1957 1128 in
1985 1097 2100 1128 remis-

281 1163 410 1193 sionem
438 1165 651 1202 peccatorum
679 1171 816 1193 suorum
843 1164 875 1193 et
901 1163 934 1192 ut
960 1161 1166 1192 reverendus
1192 1169 1231 1191 ac
1258 1160 1472 1191 venerabiles
1512 1160 1639 1190 domini
1681 1158 1775 1190 Prior
1800 1161 1831 1190 et
1858 1158 1989 1190 Fratres
2029 1167 2102 1199 pre—

280 1224 358 1256 dicti
385 1227 575 1256 conventus
601 1225 766 1256 exhorent
793 1223 900 1255 Deum
928 1233 988 1264 pro
1014 1223 1125 1255 anlma
1152 1223 1263 1263 ipsius
1288 1223 1469 1253 testatoris.
1497 1222 1575 1254 Item
1602 1223 1680 1262 quia
1707 1223 1779 1262 ipse
1805 1223 1945 1253 testator
1970 1220 2102 1252 debitor

282 1287 343 1318 fuit
367 1289 398 1318 et
423 1290 474 1319 est
501 1287 674 1319 reverendi
702 1296 796 1318 sacre
823 1286 993 1327 theologie
1020 1285 1228 1326 professoris
1253 1285 1380 1316 domini
1407 1285 1557 1326 magistri
1584 1283 1672 1316 Petri
1699 1284 1740 1315 de
1766 1282 1917 1315 Canellis
1942 1283 2021 1314 dicti
2041 1281 2103 1315 Or-

281 1350 371 1381 dinis
396 1350 504 1381 sancti
532 1349 724 1390 Augustini,
751 1358 838 1380 nunc
866 1348 1105 1380 Provinciallis
1131 1357 1189 1379 seu
1217 1347 1368 1380 Rectoris
1405 1346 1582 1378 Provincie
1619 1346 1820 1378 Lombardie
1857 1346 1936 1377 dicti
1963 1344 2102 1377 Ordinis

280 1415 311 1443 et
336 1412 489 1443 eiusdem
516 1412 688 1443 testatoris
713 1411 932 1449 confessoris,
959 1411 1000 1442 de
1027 1419 1159 1442 summa
1186 1410 1343 1441 librarum
1371 1410 1619 1451 quinquaginta
1645 1409 1883 1450 imperialium,
1910 1408 2030 1448 partim
2048 1415 2104 1439 oc-

281 1475 423 1506 eaxione
450 1475 551 1515 precii
578 1475 679 1506 unius
703 1483 789 1514 eque
816 1483 874 1514 per
899 1483 974 1505 eum
1002 1473 1115 1505 habite
1140 1482 1159 1505 a
1185 1474 1316 1515 prefato
1341 1473 1480 1505 domino
1500 1472 1639 1506 Rectore
1665 1474 1695 1504 et
1722 1481 1787 1503 non
1807 1471 1916 1503 solute
1933 1474 1964 1502 et
1983 1471 2101 1511 partim

282 1538 461 1569 occasione
486 1545 714 1578 expensarum
756 1536 918 1568 factarum
946 1545 1004 1577 per
1030 1537 1141 1576 ipsum
1168 1537 1341 1568 dominum
1377 1535 1551 1569 Rectorem
1590 1544 1650 1576 pro
1688 1535 1764 1575 ipso
1789 1536 1948 1566 testatore
1974 1535 2005 1564 et
2030 1533 2103 1564 eius

283 1609 356 1638 usu,
382 1600 562 1632 commodo
588 1602 618 1631 et
645 1600 785 1631 utilitate
810 1599 921 1631 circha
947 1599 1020 1630 eius
1046 1599 1170 1630 victum
1196 1598 1239 1630 ab
1266 1607 1332 1629 uno
1359 1606 1472 1629 mense
1499 1597 1551 1629 vel
1577 1597 1690 1628 circha
1708 1597 1799 1634 citra,
1819 1596 1894 1636 ipso
1911 1595 2102 1627 exhistente

283 1665 496 1704 sequestrato
522 1663 553 1694 in
579 1663 653 1694 eius
678 1663 780 1694 domo
806 1663 998 1703 suspitione
1035 1662 1143 1702 pestis
1180 1664 1212 1693 et
1248 1661 1357 1692 alliter
1389 1660 1652 1692 diversimode...
1680 1659 1755 1690 ideo
1782 1658 1863 1697 vult,
1889 1658 2040 1698 disponit
2072 1660 2103 1688 et

283 1726 415 1757 ordinat
440 1726 532 1766 quod
559 1735 617 1766 per
643 1725 892 1766 infrascriptum
918 1725 991 1756 eius
1018 1724 1176 1756 heredem
1203 1723 1430 1755 universalem
1456 1723 1576 1754 dentur
1601 1724 1633 1754 et
1659 1722 1834 1754 solvantur
1851 1718 1912 1760 (l).

982 1871 1402 1913 DCCCXXXIV.

379 1983 407 2011 11
433 1982 598 2019 Capitolo
624 1982 659 2011 di
685 1983 721 2011 S.
748 1982 922 2018 Agostino
947 1982 1060 2010 vende
1085 1990 1130 2009 un
1156 1989 1270 2009 annuo
1296 1988 1414 2009 censo.

882 2103 1044 2134 1529,
1078 2104 1430 2133 lmoverrxlrre,
1459 2102 1512 2127 0.

850 2202 927 2225 (Arch.
945 2201 1025 2222 Notar.
1042 2201 1063 2221 di
1081 2200 1151 2221 Pavia
1167 2212 1191 2214 —
1208 2201 1255 2222 Atti
1272 2200 1293 2221 di
1310 2200 1434 2221 Gerolaino
1450 2200 1549 2224 Oualla).

380 2387 458 2504 S
537 2405 584 2431 UB
609 2400 740 2440 porticu
769 2400 865 2439 primi
892 2399 1028 2430 claustri
1068 2398 1263 2429 monasterii
1302 2398 1408 2429 sancti
1447 2397 1628 2437 Augustini
1667 2395 1782 2436 Papie,
1809 2397 1840 2427 in
1868 2405 1935 2436 quo
1962 2396 2036 2427 loco
2062 2396 2106 2427 ob

529 2474 531 2507 j
559 2471 684 2503 ruynas
709 2464 739 2493 et
765 2462 1020 2492 devastationes
1046 2463 1210 2500 sequutas
1237 2460 1267 2491 in
1295 2460 1385 2491 dicto
1412 2460 1616 2490 monasterio
1635 2459 1733 2490 sollet
1758 2459 1827 2490 fieri
1854 2462 1884 2490 et
1910 2459 2106 2499 congregari

460 2560 525 2561 ἶ
560 2525 756 2564 capitulum.
783 2523 962 2557 Raclunato
988 2523 1011 2554 i!
1037 2522 1200 2563 capitolo,
1220 2521 1369 2562 formato
1395 2522 1429 2552 cli
1453 2522 1579 2552 domini
1608 2522 1757 2562 magistri
1784 2520 1871 2552 Petri
1902 2521 1943 2552 de
1969 2519 2107 2553 Canelis

295 2587 355 2619 Dei
382 2588 488 2628 gratia
515 2586 735 2618 provintialis
761 2585 932 2617 Provintie
959 2585 1193 2616 Lombardie...
1220 2584 1346 2615 domini
1385 2584 1534 2624 magistri
1573 2582 1756 2615 Gabriellis
1782 2584 1823 2614 de
1850 2583 1955 2623 Papia
1983 2582 2108 2614 Prioris

292 2655 322 2682 et
349 2650 459 2682 fratris
485 2648 695 2690 Simpliciani
724 2649 764 2679 de
792 2647 1037 2689 Pizighitotio...
1064 2646 1229 2678 facientes
1266 2648 1369 2677 totum
1396 2648 1426 2677 et
1453 2646 1615 2686 integrum
1653 2646 1849 2686 capitulum,
1875 2655 1949 2676 cum
1977 2646 2007 2676 in
2035 2655 2109 2686 pre-

352 2818 381 2840 (1)
397 2816 421 2837 Αἰ
438 2816 463 2836 93
477 2817 570 2841 agosto,
586 2820 629 2835 con
646 2816 787 2835 testamento
813 2815 895 2838 rugato
911 2813 939 2833 da
956 2812 1059 2833 Lorcnzo
1076 2812 1172 2836 Ferrari,
1229 2811 1322 2832 nasterii
1338 2812 1384 2832 divi
1400 2812 1523 2837 Augustini
1539 2814 1561 2832 et
1577 2812 1598 2832 in
1615 2817 1661 2838 quo
1686 2812 1778 2837 sepeliri
1803 2812 1930 2833 intenditur
1954 2811 2054 2832 cadaver
2068 2817 2106 2832 sn-

299 2862 357 2882 sulla
373 2861 452 2881 strada
469 2860 586 2886 pubblica,
602 2859 696 2879 davanti
713 2858 733 2879 la
749 2864 803 2879 casa
826 2857 986 2881 Moracavalli,
1002 2857 1023 2877 in
1040 2856 1175 2882 parroechia
1232 2856 1354 2882 prascripti
1380 2856 1497 2882 quondam
1522 2857 1607 2877 doniini
1631 2857 1661 2877 lu.
1687 2857 1801 2877 Francisci
1826 2856 1879 2877 olim
1896 2856 1945 2877 eius
1961 2855 2104 2877 dilectissimi

300 2906 320 2926 di
333 2905 355 2926 S.
372 2905 445 2925 Maria
462 2905 534 2926 Nova.
551 2904 571 2924 la
587 2903 663 2924 nobile
679 2902 798 2923 Giovanna
813 2901 976 2926 Sangreigurio,
988 2906 1045 2921 uxor
1057 2900 1174 2926 quondam
1230 2900 1279 2920 viri.
1297 2901 1338 2921 Fra
1354 2901 1359 2921 i
1376 2901 1492 2921 testimoni
1509 2901 1521 2921 e
1536 2901 1549 2921 il
1566 2901 1706 2922 reverendus
1721 2906 1786 2921 sacre
1802 2900 1917 2925 theologie
1943 2900 2052 2925 magister
2067 2899 2107 2920 do-

301 2951 384 2971 nobilis
406 2949 492 2970 domiui
515 2949 545 2969 lo.
569 2947 682 2969 {francisci
706 2947 734 2967 de
759 2946 924 2967 Moracavallis
939 2951 1012 2971 nuper
1027 2944 1138 2969 dehmcti,
1154 2944 1177 2965 Ια
1234 2946 1309 2966 minus
1333 2945 1403 2966 trater
1428 2945 1512 2966 Petrus
1527 2945 1555 2966 de
1570 2945 1662 2966 Canens
1688 2945 1839 2966 Provincialis
1864 2944 1957 2965 Ordinis
1972 2944 2046 2965 sancti
2062 2943 2106 2964 An-

301 2996 369 3021 qnnle
378 3002 388 3016 ι·
398 2994 508 3020 pestilera
518 2993 651 3013 infirmitate
662 2994 784 3017 gravata...
797 2991 895 3012 cadaver
905 2995 972 3011 suuni
984 2989 1075 3015 sepeliri
1086 2988 1179 3009 iussit...
1236 2991 1329 3016 gumini.

302 3046 323 3060 in
339 3040 447 3065 sepulcro
463 3039 567 3064 ipsorum
583 3038 611 3058 de
627 3036 792 3058 Moracavallis
813 3036 860 3056 sito
876 3035 896 3055 in
913 3035 987 3060 primo
1009 3034 1112 3054 claustro
1128 3033 1178 3053 Mo—
