2305 3407
307 122 373 152 274

304 264 361 295 per
386 264 563 286 censuram
589 256 853 287 ecclesiasticam
880 259 910 288 et
936 257 1000 288 alia
1027 257 1108 288 iuris
1133 259 1326 298 opportuna
1352 258 1508 295 remedia,
1534 259 1761 299 appellatione
1798 260 2001 300 postposita,
2038 269 2128 292 com-

305 317 488 357 pescendo,
515 318 673 349 invocato
697 319 796 350 etiam
823 318 865 350 ad
893 319 967 355 hoc,
997 319 1023 350 si
1058 328 1147 359 opus
1182 318 1292 356 fuerit,
1329 320 1457 351 auxilio
1494 320 1620 352 brachii
1659 321 1830 353 secularis.
1857 321 1895 353 Et
1931 322 2128 362 generaliter

304 380 416 410 omnia
442 379 506 410 alia
532 382 564 411 et
589 380 722 420 singula
750 380 848 411 nobis
875 381 905 411 in
934 381 994 412 bac
1021 383 1113 421 parte
1139 382 1322 413 commissa
1349 382 1496 422 plenarie
1522 384 1553 414 et
1580 383 1704 424 integre
1730 384 1943 423 exequendo,
1963 385 2054 416 iuxta
2073 393 2128 416 ea-

305 441 443 473 rundem
471 442 651 474 litterarum
679 445 708 474 et
735 444 902 483 presentis
928 444 1032 474 nostri
1061 452 1244 483 processus
1271 444 1348 480 vim,
1374 443 1526 481 formam,
1552 445 1790 476 continentiam
1830 448 1861 476 et
1886 448 2046 483 tenorem,
2084 447 2127 478 ita

305 506 415 535 tamen
442 504 533 544 quod
561 504 639 536 dicti
666 505 877 545 subdelegati
905 506 1019 541 nostri,
1046 506 1098 537 vel
1125 506 1330 546 quicumque
1355 506 1422 543 alii,
1449 506 1548 538 nichil
1576 507 1606 537 in
1634 507 1848 547 preiuditium
1881 507 2043 539 dictarum
2071 508 2130 539 do-

305 566 467 596 minarum
496 565 678 597 Abbatisse
704 569 735 597 et
761 567 956 598 monialium
984 567 1220 608 principalium
1247 570 1408 600 attentare
1445 569 1702 609 quomodolibet
1729 569 1759 600 in
1787 570 1963 609 premissis
2000 579 2059 602 nec
2097 571 2127 601 in

305 628 525 667 prosessibuf,
552 637 608 667 ρετ
635 637 695 659 nos
723 629 846 659 habitis
871 632 927 660 aut
953 631 1130 661 sententiis
1157 639 1214 670 per
1240 639 1302 661 nos
1329 630 1404 662 latis
1429 631 1643 662 absolvendo
1669 631 1719 662 vel
1736 632 1978 672 suspendendo
1997 634 2053 663 aut
2070 632 2130 663 ali-

304 690 384 729 quid
413 690 632 720 ini-nummo.
660 690 691 720 ln
719 691 839 721 ceteris
865 694 975 722 autem
1003 700 1067 732 que
1094 692 1195 723 dictis
1221 692 1377 723 dominae
1397 692 1580 724 Abbatisse
1599 696 1629 724 et
1648 693 1852 725 monialibus
1883 694 2129 734 principalibus

305 751 335 781 in
363 752 539 790 premissis
565 760 684 783 nocere
711 755 850 792 possent
877 762 935 784 seu
964 754 1220 793 quomodolibet
1246 755 1381 791 obesse,
1409 754 1568 795 prefactis
1594 755 1826 795 subdelegatis
1853 756 1977 787 nostris
2002 759 2032 787 et
2058 757 2132 796 qui-

306 813 425 843 busvis
450 813 535 849 aliis,
563 816 763 853 potestatem
792 816 1018 846 omnimodam
1045 816 1264 857 denegamus,
1290 819 1321 848 et
1347 817 1374 847 si
1400 818 1572 857 contingat
1599 826 1660 848 nos
1686 826 1788 858 super
1815 818 1991 858 premissis
2021 819 2051 849 in
2071 818 2131 849 ali-

305 884 372 914 quo
399 875 590 915 procedere,
618 876 658 907 de
685 886 752 916 quo
780 877 879 908 nobis
906 880 1106 917 potestatem
1137 879 1366 910 omnimodam
1387 888 1610 917 reservamus,
1630 889 1694 910 non
1716 880 1920 911 intendimus
1950 883 2129 921 propterea

306 938 580 968 commissionem
608 941 755 970 nostram
784 939 977 971 huiusmodi
1005 941 1036 971 in
1063 941 1178 980 aliquo
1206 941 1313 972 vitiari
1340 944 1370 972 et
1396 942 1558 979 revocari,
1585 942 1648 973 nisi
1692 942 1732 974 de
1759 943 1974 974 revocatione
2000 942 2133 983 specia-

304 999 366 1030 lem
404 1002 435 1030 et
471 1008 671 1039 expressam
711 1001 740 1031 in
780 1002 904 1032 nostris
942 1002 1060 1033 litteris
1086 1002 1266 1035 fecerimus
1293 1005 1504 1035 mentionem.
1532 1003 1685 1036 Pretatas
1715 1014 1851 1045 quoque
1893 1005 2018 1036 litteras
2051 1013 2133 1045 apo-

304 1061 441 1092 stolicas
468 1070 561 1093 sacre
589 1061 837 1100 Peniteiitiarie,
864 1064 1021 1104 huncque
1049 1068 1199 1096 nostrum
1227 1074 1423 1106 processum
1450 1075 1487 1097 ac
1512 1067 1624 1098 omnia
1650 1070 1680 1098 et
1695 1067 1827 1107 singula
1847 1067 1878 1098 in
1897 1067 1946 1098 eis
1964 1068 2131 1104 contenta,

305 1124 463 1154 volumus
490 1132 595 1163 penes
621 1125 742 1156 dictam
771 1125 989 1158 Abbatissam
1017 1129 1048 1158 et
1074 1127 1253 1165 Moniales,
1280 1137 1395 1159 eorum
1423 1128 1626 1166 nominibus,
1654 1137 1823 1160 remanere
1849 1131 1879 1160 et
1906 1138 1971 1159 non
1991 1137 2049 1169 per
2067 1137 2130 1160 vos

304 1189 360 1216 aut
385 1186 531 1225 aliquem
561 1189 708 1218 vestrum
736 1196 794 1218 seu
822 1197 1070 1229 quemcumque
1095 1190 1208 1227 alium,
1235 1191 1320 1230 ipsis
1346 1191 1471 1228 invitis,
1497 1191 1660 1227 detineri;
1686 1192 1888 1223 contrarium
1907 1200 1986 1222 vero
2016 1191 2135 1222 fatien-

304 1249 353 1278 tes
380 1247 518 1287 pretatis
545 1249 670 1279 nostris
696 1251 872 1281 sententiis
898 1252 929 1282 et
955 1252 1063 1291 penis,
1090 1255 1188 1292 prout
1216 1252 1246 1283 in
1274 1253 1326 1283 liis
1351 1254 1487 1293 scriptis
1513 1262 1572 1294 per
1597 1262 1660 1285 nos
1687 1253 1749 1285 late
1783 1255 1871 1290 sunt,
1909 1253 1997 1284 dicta
2034 1262 2135 1285 cano-

305 1310 378 1340 nica
405 1310 588 1341 monitione
615 1312 779 1351 premissa
807 1312 881 1352 ipso
908 1312 995 1344 facto
1022 1314 1181 1345 volumus
1207 1315 1392 1347 subiacere.
1421 1316 1626 1347 Mandamus
1663 1318 1773 1347 tamen
1815 1316 1947 1356 copiam
1985 1315 2055 1347 fieri
2093 1315 2134 1346 de

304 1372 481 1411 premissis
507 1381 579 1403 eam
608 1375 801 1413 petentibus
828 1377 859 1406 et
885 1376 1008 1407 babere
1035 1377 1250 1414 debentibus,
1278 1378 1460 1418 petentium
1487 1379 1624 1418 quidem
1666 1378 1860 1418 sumptibus
1896 1380 1927 1409 et
1959 1378 2134 1418 expensis;

303 1434 554 1465 absolutionem
597 1445 676 1467 vero
718 1437 866 1468 omnium
909 1440 939 1469 et
977 1439 1186 1479 singulorum
1225 1441 1281 1480 qui
1328 1440 1476 1480 prefatas
1514 1443 1647 1472 nostras
1691 1441 1876 1472 sententias
1921 1442 1977 1472 aut
2020 1448 2134 1472 earum

305 1496 452 1536 aliquam
481 1497 677 1528 incurrerint
703 1507 761 1529 seu
790 1500 963 1531 incurrerit
989 1502 1246 1541 quoquomodo,
1274 1503 1373 1534 nobis
1400 1503 1451 1534 vel
1481 1503 1646 1543 superiori
1667 1505 1700 1534 ut
1726 1511 1828 1543 supra
1848 1510 2072 1534 reservamus.
2099 1501 2132 1533 ln

305 1568 447 1598 quorum
475 1560 624 1590 omnium
651 1562 681 1591 et
708 1562 917 1601 singulorum
946 1563 1044 1594 iidem
1071 1565 1101 1594 et
1127 1565 1357 1596 testimonium
1385 1566 1639 1606 premissorum,
1682 1571 1856 1606 presentes
1894 1565 2020 1596 litteras
2059 1565 2132 1596 sive

306 1630 445 1660 presens
473 1621 644 1661 publicum
673 1624 929 1656 instrumentum
958 1635 1140 1665 processus
1166 1627 1291 1658 eximie
1316 1628 1385 1659 fieri
1412 1630 1443 1659 et
1470 1637 1528 1668 per
1564 1629 1728 1659 notarium
1767 1628 1939 1668 publicum
1977 1636 2015 1659 ac
2052 1627 2134 1658 scri—

307 1683 381 1713 bam
408 1692 518 1714 coram
547 1685 645 1715 nobis
673 1685 922 1727 infrascriptum
950 1688 1117 1719 subscribi
1144 1691 1175 1720 et
1201 1690 1364 1730 publicari
1392 1691 1630 1722 mandavimus
1656 1690 1827 1731 sigillique
1854 1690 1958 1721 nostri
1995 1699 2064 1730 quo
2101 1690 2132 1721 in

306 1745 430 1776 talibus
458 1746 580 1776 utimur
607 1747 772 1779 iussimus
798 1750 1010 1789 appensione
1037 1752 1248 1782 communiri.
1276 1751 1399 1783 Datum
1425 1755 1456 1784 et
1482 1755 1592 1784 actum
1636 1752 1749 1791 Rome,
1788 1753 1818 1783 in
1856 1752 1978 1783 edibus
2016 1753 2130 1783 nostre

304 1807 403 1838 solite
431 1808 622 1845 residentie,
650 1810 714 1840 sub
739 1819 829 1841 anno
854 1820 872 1842 a
900 1812 1075 1844 nativitate
1103 1812 1236 1845 Domini
1265 1815 1443 1846 millesimo
1469 1815 1743 1856 quingentesimo
1778 1815 2006 1856 sexagesimO,
2048 1814 2135 1845 indi-

305 1870 395 1900 tione
421 1871 526 1906 tertia,
553 1871 607 1902 die
635 1881 713 1902 vero
740 1873 884 1913 septima
912 1876 1037 1906 mensis
1065 1876 1217 1914 ianuarii,
1245 1876 1465 1908 Pontificatus
1492 1876 1705 1909 Sanctissimi
1744 1878 1774 1908 in
1801 1875 1939 1909 Christo
1970 1876 2075 1917 patris
2100 1877 2131 1907 et

305 1931 432 1962 domini
461 1934 564 1963 nostri
591 1933 718 1965 domini
747 1934 795 1966 Pii
823 1936 938 1967 divina
966 1936 1183 1970 Providentia
1211 1938 1303 1979 Pape
1330 1940 1450 1979 quarti,
1476 1949 1565 1971 anno
1591 1941 1664 1971 eius
1683 1940 1801 1980 primo.
1822 1938 2042 1970 presentibus
2068 1938 2130 1969 ibi-

306 1993 381 2025 dem
409 1996 612 2027 venerandis
637 1999 668 2028 et
693 1997 946 2039 circumspectis
973 2000 1053 2032 viris
1078 2001 1227 2032 dominis
1253 2001 1386 2033 Andrea
1413 2000 1545 2034 Oirardi
1573 2004 1603 2033 et
1629 2001 1808 2033 Desiderio
1834 2000 2017 2032 Bonavena
2043 2001 2133 2032 curie

306 2058 417 2087 nostre
444 2058 592 2095 notariis,
619 2060 763 2091 testibus
788 2061 830 2091 ad
858 2062 1023 2101 premissa
1051 2064 1182 2095 vocatis
1208 2065 1333 2104 pariter
1357 2067 1388 2096 et
1414 2066 1551 2105 rogatis.

397 2118 466 2159 Ego
493 2119 635 2152 loannes
661 2121 828 2163 Barginu‘.
854 2124 1082 2164 gebennensis
1108 2126 1187 2157 dicti
1215 2126 1431 2158 illustrissimi
1474 2132 1504 2159 et
1543 2127 1815 2159 reverendissimi
1854 2126 1980 2157 domini
2017 2129 2132 2157 sancte

307 2179 454 2212 Romane
482 2181 633 2214 Ecclesie
659 2182 852 2216 Cardinalis
877 2183 1017 2218 Camere
1044 2186 1240 2228 Apostolice
1267 2190 1412 2230 regentis
1439 2190 1600 2227 notarius,
1626 2190 1705 2230 quia
1731 2189 1907 2229 premissis
1927 2187 2058 2219 intertui
2077 2195 2133 2218 ea-

307 2251 372 2282 que
399 2243 428 2273 in
456 2246 534 2275 nota
561 2245 693 2285 scripsi,
720 2246 797 2278 ideo
824 2247 885 2279 lio:
913 2257 1054 2288 presens
1081 2250 1337 2282 instrumentum
1363 2252 1495 2293 signavi
1515 2254 1546 2283 et
1571 2251 1760 2291 subscripsi
1780 2259 1844 2282 una
1874 2259 1948 2281 cum
1979 2248 2132 2290 prelibati

306 2306 580 2337 reverendissimi
607 2307 733 2339 domini
762 2308 922 2350 Regentis
947 2311 1047 2351 sigilli
1074 2313 1298 2352 appensione,
1326 2314 1356 2345 in
1383 2314 1481 2345 tidem
1509 2314 1750 2354 premissorum
1777 2312 1961 2353 requisitus
1988 2320 2063 2343 cum
2089 2311 2134 2342 si-

305 2367 386 2407 gillo
413 2367 531 2407 prefati
560 2371 834 2403 reverendissimi
861 2374 891 2404 et
918 2373 1136 2405 illustrissimi
1163 2375 1289 2406 domini
1317 2376 1443 2407 domini
1470 2375 1663 2409 Cardinalis
1690 2376 1721 2407 in
1747 2383 1822 2406 cera
1841 2374 1944 2406 rubea
1971 2374 2002 2404 in
2028 2380 2132 2413 capsa

307 2428 417 2469 lignea
446 2439 520 2461 cum
546 2433 696 2464 cordulis
723 2434 836 2465 rubeis
863 2436 1090 2475 pendentibus
1116 2436 1176 2475 (1).

363 2585 392 2606 (l)
409 2585 473 2605 Nello
489 2590 566 2607 stc-»so
581 2587 692 2609 fasciculo
704 2590 812 2611 abbiamo
829 2598 856 2612 un
868 2594 919 2613 atto
931 2594 951 2614 in
967 2595 1002 2615 cui
1019 2595 1036 2615 si
1049 2596 1099 2616 dice
1123 2598 1189 2617 cneii
1245 2601 1368 2619 esecuiore
1394 2598 1557 2623 subdelegato,
1580 2597 1655 2617 dictas
1678 2595 1790 2616 moniales
1815 2594 1908 2614 inducat
1934 2593 1954 2613 iu
1978 2593 2082 2612 tenutam
2105 2592 2127 2611 ct

312 2628 466 2650 Procuratore
482 2631 540 2651 ‹lt-lle
556 2632 670 2654 Μυιπιςὴυ
687 2636 796 2659 prcsento
811 2637 830 2657 :il
848 2637 938 2659 Vicariu
954 2641 1070 2661 vescovilc
1085 2642 1106 2661 di
1125 2642 1193 2663 l’arza
1248 2644 1392 2669 corporalem
1409 2643 1584 2668 possessionem
1601 2641 1654 2661 dicti
1671 2639 1804 2661 monasterii
1820 2640 1900 2659 sancte
1918 2636 2045 2657 Mustiolle.
2062 2635 2077 2656 ll
2092 2635 2129 2656 Vi-

312 2672 469 2694 l'istrumento
491 2676 511 2695 di
534 2680 653 2698 commiti»
675 2679 710 2699 del
733 2681 745 2699 3
760 2682 887 2702 settembre
912 2685 968 2708 155&
985 2685 1004 2705 Ιςι
1021 2686 1137 2707 couterino
1154 2688 1188 2708 del
1245 2689 1306 2708 cario
1323 2689 1398 2709 riceve
1413 2688 1528 2711 l'mcnrro,
1544 2687 1659 2711 „neruiue
1674 2691 1699 2705 Μ’
1715 2686 1821 2710 D³¹³¹¹¹¹¹¹¹
1839 2684 1900 2703 l¹¹³¹³¹
1917 2682 1977 2702 mins
1993 2681 2089 2701 mmmm
2105 2681 2127 2700 οἱ

313 2716 391 2737 l'riore
407 2718 518 2739 (ient-ruli:
534 2720 593 2745 degli
610 2722 753 2746 Auostiniani
778 2725 823 2746 (del
846 2728 913 2752 quale
935 2731 986 2749 aito
1009 2730 1064 2755 pero
1087 2737 1190 2757 vieppurc
1246 2733 1410 2753 continentiam
1427 2732 1518 2757 exequi*
1535 2731 1599 2751 Nello
1615 2733 1692 2750 stesso
1709 2732 1787 2754 tempo
1803 2728 1822 2748 lc
1845 2727 1958 2747 Monaclie
1981 2726 2128 2746 ricorrcvano

313 2762 350 2786 qui
367 2768 385 2781 si
402 2765 445 2783 citu
463 2764 482 2783 la
498 2765 552 2785 tiata
570 2782 574 2789 ,
591 2766 610 2786 lsi
627 2770 743 2788 cornorum
760 2770 818 2790 della
835 2772 856 2791 S,
882 2772 1049 2795 l'enitenzierin
1073 2775 1093 2795 in
1109 2776 1163 2796 danai
1179 2777 1191 2795 ii
1246 2783 1329 2797 ancora
1346 2777 1366 2797 sil
1382 2777 1476 2799 Senato,
1493 2781 1557 2796 come
1573 2781 1591 2795 si
1608 2775 1666 2795 veile
1686 2774 1743 2794 nelle
1766 2775 1819 2793 uotc
1841 2772 1861 2792 nl
1884 2771 2024 2792 documento
2046 2770 2059 2790 9
2081 2768 2127 2788 leb-

312 2807 405 2827 ottobre
424 2809 480 2832 153«,
497 2810 524 2830 ed
541 2811 553 2830 il
570 2811 665 2832 decreto
681 2815 800 2835 csecutivo
816 2815 851 2836 (iel
868 2816 936 2838 Card.
953 2818 978 2838 A.
995 2818 1086 2840 Camila
1103 2821 1123 2840 iu
1140 2821 1193 2842 daia
1250 2822 1314 2842 braio
1333 2822 1388 2842 isaii).

311 2851 322 2870 Τ
338 2853 436 2875 genunio
455 2854 517 2877 fficio:
535 2861 546 2875 e
562 2855 680 2876 domando
696 2859 736 2878 t'llc
753 2859 795 2883 egli
813 2860 833 2879 in
851 2860 912 2881 torm
929 2862 950 2882 di
967 2864 1043 2888 questi
1062 2864 1113 2886 atii.
1131 2871 1195 2886 come
