2305 3407
1970 212 2014 244 87

967 421 1253 464 DCCXLV.

293 531 321 560 11
346 530 508 567 Capitolo
533 530 567 558 di
595 530 629 558 S.
657 529 827 558 Mostiola
853 530 886 558 fa
912 539 979 559 una
1004 531 1230 559 transazione
1255 539 1316 567 per
1341 530 1503 559 l'eredita
1523 531 1557 559 di
1576 531 1665 559 frate
1684 531 1849 560 Gabriele
1868 533 2013 568 Sarego.

860 626 1003 656 1514,
1033 626 1252 658 gitlgrno
1266 643 1278 657 ‚
1308 628 1382 651 14.

755 713 832 734 (ΑΙ-σὴ.
850 714 930 734 Notar.
947 714 968 734 di
986 714 1064 735 Pavia.
1097 725 1104 727 -
1121 714 1168 735 Atti
1184 715 1206 735 di
1223 714 1336 736 Giovanni
1353 714 1463 741 Pigazzi).

276 846 396 963 N
440 802 491 889 ἱΕΙ,
518 857 683 891 Convento
709 859 743 890 di
767 859 798 892 S.
826 859 993 891 Mostt'ola.
1035 859 1315 891 Pretendentibus
1356 859 1608 891 venerabilibus
1649 859 1796 891 dominis
1837 859 1950 891 Priore
1988 863 2019 892 et

471 921 641 953 Fratribus
667 923 860 954 monasterii
888 924 1003 954 sancte
1031 922 1204 954 Mustiolle
1231 922 1295 963 ipsi
1323 921 1526 952 monasterio
1551 922 1705 961 spectare
1731 923 1762 952 et
1788 921 1901 953 deberi
1930 922 2018 953 bona

416 1019 435 1021 ἡ
471 985 669 1016 hereditaria
696 994 782 1016 nunc
807 986 977 1025 quondam
1004 984 1187 1017 Gabriellis
1213 986 1253 1016 de
1279 984 1430 1017 Saratico
1455 992 1494 1015 eo
1520 984 1645 1024 quod...
1698 984 1807 1015 dictus
1848 985 2018 1024 quondam

205 1045 341 1078 Gabriel
368 1046 527 1078 Ordinem
555 1049 585 1078 et
612 1047 819 1087 Religionem
858 1047 1006 1079 Fratrum
1045 1048 1287 1080 Heremitarum
1326 1047 1431 1078 sancti
1466 1046 1644 1087 Augustini
1684 1047 1714 1077 in
1753 1047 1876 1077 dictum
1904 1056 2020 1078 mona-

205 1110 341 1140 sterium
369 1110 549 1141 intraverat
574 1112 604 1141 et
629 1113 871 1150 assumpserat,
897 1113 927 1141 et
955 1111 984 1141 in
1011 1111 1060 1142 eis
1086 1113 1177 1141 tanto
1202 1110 1521 1150 temporeinstiterit
1541 1111 1573 1140 nt
1593 1109 1838 1148 professionem
1866 1110 2017 1140 eiusdem

206 1171 344 1203 Ordinis
371 1175 400 1203 ct
428 1172 611 1212 Religionis
638 1173 751 1204 iecerit
789 1182 846 1203 seu
885 1173 1001 1203 saltem
1029 1173 1149 1203 fecisse
1178 1175 1375 1203 censeatur:
1403 1170 1476 1208 Qua
1505 1171 1544 1202 de
1572 1180 1603 1202 re
1630 1180 1689 1211 per
1714 1171 1932 1202 reverendum
1961 1172 2020 1201 do-

208 1236 332 1265 minum
359 1244 451 1266 sacre
478 1236 598 1275 pagine
626 1236 819 1275 magistrum
846 1236 1018 1266 dominum
1056 1235 1188 1266 tratrem
1228 1235 1438 1265 Micliaellem
1475 1234 1638 1274 Angelum
1665 1234 1705 1264 de
1733 1232 1840 1267 Petra.
1862 1242 2018 1273 procum-

208 1299 274 1328 tore
299 1297 351 1328 del
377 1296 554 1334 Convento,
573 1297 614 1337 fu
639 1297 804 1328 clu'amato
830 1298 861 1328 1'11
887 1306 989 1328 causa
1015 1297 1038 1328 il
1061 1297 1169 1328 nobile
1208 1284 1294 1328 Gran
1335 1297 1516 1327 Domenico
1553 1296 1592 1327 de
1629 1295 1785 1331 Semtico,
1823 1305 1877 1326 ηιιι
1914 1297 2020 1335 questi

207 1359 291 1398 nego
316 1359 350 1390 cii
374 1359 451 1390 dure
476 1359 536 1390 tali
560 1359 634 1390 bem·
654 1359 771 1399 perch&
799 1358 952 1391 Gabric‘le
976 1368 1039 1390 lton
1058 1359 1134 1399 fece
1160 1360 1227 1390 mni
1247 1358 1464 1399 professione,
1492 1359 1570 1389 atzzi
1587 1367 1718 1398 semper
1738 1358 1921 1389 incessisse
1947 1358 2018 1388 sine

209 1421 297 1451 illius
323 1421 494 1461 religionis
521 1422 633 1452 habitu
661 1423 691 1452 et
716 1424 809 1452 extra
836 1422 947 1461 ipsum
974 1422 1212 1452 monasterium
1232 1422 1362 1452 vixisse
1390 1424 1423 1451 nt
1450 1421 1556 1452 laicus
1581 1423 1611 1451 et
1639 1429 1748 1451 merus
1767 1420 1939 1451 secularis.
1958 1419 2023 1451 Per

209 1486 353 1514 troncare
378 1483 410 1514 [α
435 1485 664 1521 controversia,
690 1484 713 1514 il
737 1484 824 1515 detto
863 1483 949 1515 Gran
986 1483 1167 1515 Domenico
1193 1493 1209 1514 c
1234 1483 1257 1514 il
1285 1483 1437 1523 Capitolo
1463 1484 1497 1514 di
1521 1482 1552 1515 S.
1579 1483 1737 1514 Mostiola
1771 1485 1938 1523 composta
1964 1483 2020 1513 clai

208 1546 333 1576 domini
360 1545 460 1576 frater
486 1545 776 1585 Micltaelangelus
801 1546 842 1576 de
870 1544 965 1576 Petra
992 1544 1086 1576 Prior
1111 1546 1311 1582 antedictus,
1341 1546 1499 1585 magister
1523 1543 1648 1576 Galeaz
1674 1545 1714 1575 de
1742 1544 2018 1581 vicecomitibus,

208 1608 305 1638 frater
331 1607 501 1639 Amadeus
526 1608 566 1638 de
594 1608 766 1638 Modoetia
808 1610 1013 1648 procurator.
1054 1607 1153 1638 frater
1194 1607 1344 1648 Angelus
1370 1608 1410 1638 de
1438 1607 1570 1639 Lazaris
1596 1608 1636 1638 de
1662 1606 1888 1644 Castronovo,
1922 1607 2020 1638 frater

208 1669 400 1700 Bernardus
426 1670 466 1700 de
492 1668 740 1710 Carmagnolla‚
778 1669 877 1700 trater
914 1669 1104 1709 Apolonius
1130 1670 1171 1701 de
1197 1669 1414 1710 Arigonibus,
1452 1669 1552 1701 frater
1593 1669 1758 1700 lohannes
1800 1669 1952 1710 Baptista
1979 1670 2019 1700 de

209 1731 376 1768 Terdona,
400 1731 498 1762 frater
524 1731 740 1772 Evangelista
766 1732 807 1763 de
834 1732 1040 1769 Mediolano,
1066 1732 1253 1763 cleliberczno
1280 1733 1314 1763 di
1336 1733 1520 1764 ritmnziare
1556 1732 1624 1763 alla
1657 1732 1711 1763 lite
1732 1732 1854 1773 purch&
1878 1732 1901 1763 il
1926 1732 2021 1764 Sera-

208 1794 270 1825 tico
291 1780 398 1834 paglri
420 1794 454 1825 al
480 1793 646 1826 Convento
670 1795 766 1826 scudi
787 1792 908 1833 27(1).

947 1943 1268 2010 DCCXLVIJ

293 2077 320 2104 11
346 2076 496 2112 Capitolo
522 2076 554 2105 di
578 2077 610 2105 S.
638 2077 803 2113 Agostino
828 2078 945 2113 elegge
970 2077 992 2106 il
1018 2078 1220 2114 Cappellano
1246 2078 1278 2106 di
1302 2079 1334 2107 S.
1362 2079 1515 2107 Lorenzo
1541 2078 1574 2106 in
1598 2078 1779 2107 Sar-titana.

818 2173 938 2197 1514
951 2189 964 2203 ‚
994 2174 1210 2198 setten]
1217 2175 1317 2198 lvre
1329 2188 1342 2204 9
1372 2174 1424 2200 4-

716 2260 792 2280 *ArctL
809 2260 889 2281 Notar.
905 2260 926 2280 di
944 2260 1013 2280 Pavia
1029 2271 1053 2274 ἡ
1069 2261 1115 2281 Atti
1133 2260 1154 2280 di
1170 2260 1227 2281 Gran
1244 2261 1358 2286 Agostino
1374 2261 1484 2281 Morasco
1501 2278 1504 2281 .

284 2388 378 2504 R
450 2407 636 2435 ΑΟυΝΑΤΟ
661 2403 684 2435 il
710 2402 861 2443 Capitolo
886 2403 921 2435 di
945 2403 977 2436 S.
1008 2404 1180 2443 Agostt'tw,
1221 2405 1385 2436 costituito
1410 2404 1468 2436 dal
1500 2404 1717 2438 Reverendus
1758 2414 1853 2437 sacre
1894 2406 2017 2446 pagine

472 2465 645 2505 professor
670 2465 828 2497 dominus
854 2467 1011 2506 magister
1037 2466 1327 2507 Michaelangelus
1353 2467 1393 2498 de
1421 2465 1516 2498 Petra
1544 2468 1690 2499 vicarius
1709 2467 1876 2508 generalis
1902 2470 1932 2499 et
1958 2468 2017 2499 do-

471 2528 580 2558 minus
608 2527 865 2558 Francischinus
891 2528 930 2558 de
957 2526 1153 2559 Castellatio
1195 2527 1287 2559 Prior
1313 2529 1503 2560 monasterii
1530 2531 1561 2560 et
1587 2527 1785 2560 Conventus
1817 2530 1921 2560 sancti
1950 2528 2016 2560 Au-

202 2590 325 2629 gustini
354 2588 501 2629 Papie....
528 2592 557 2620 et
584 2589 757 2620 reverendi
795 2598 888 2620 sacre
927 2590 1047 2630 pagine
1089 2589 1300 2629 professores
1338 2591 1462 2621 domini
1491 2591 1649 2631 magister
1674 2590 1840 2622 lohannes
1867 2591 2017 2622 Bertola-

258 2746 287 2769 (l¹
307 2746 362 2767 Vedi
379 2747 392 2767 il
407 2746 548 2767 documento
563 2747 598 2768 dcl
617 2747 640 2767 10
655 2747 780 2768 novembre
798 2748 854 2768 1513.
1133 2747 1203 2767 frater
1220 2747 1335 2768 Martinus
1351 2747 1379 2768 de
1396 2747 1492 2773 Papia..
1511 2749 1700 2773 representantes
1716 2748 1825 2768 maiorem
1849 2750 1937 2773 partem
1954 2748 2008 2768 dicti

259 2790 292 2811 Da
309 2797 337 2811 un
353 2792 403 2812 atto
418 2791 454 2812 del
470 2792 495 2812 25
511 2792 636 2812 novembre
660 2792 682 2812 di
708 2792 861 2817 quest'annm
878 2794 960 2817 rogato
976 2792 1004 2812 da
1021 2792 1077 2812 Gian
1134 2792 1276 2812 monasterii⁴

206 2834 292 2856 Uberto
308 2835 392 2861 lagani
407 2841 450 2856 con
465 2836 500 2856 cui
516 2842 528 2856 a
545 2836 635 2856 Matteo
650 2836 709 2856 della
721 2836 792 2857 Turre
808 2837 819 2857 'e
834 2842 946 2857 concessa
962 2836 1078 2857 l'investi-
1187 2836 1294 2857 Notiamo
1309 2837 1381 2857 anche
1396 2837 1437 2858 elie
1452 2837 1473 2857 ai
1489 2837 1513 2857 24
1529 2837 1645 2857 ‹licembre
1661 2837 1721 2857 dello
1736 2838 1814 2857 stesso
1834 2843 1902 2861 anno,
1919 2843 1960 2857 con
1978 2839 2009 2857 tc-

206 2880 256 2899 tura
271 2879 398 2900 novennalc
413 2880 488 2901 d'una
505 2880 572 2906 vigna
588 2880 610 2900 di
625 2880 688 2901 fosse
698 2881 734 2901 221
748 2881 769 2900 in
780 2880 903 2905 Stradella,
920 2881 955 2901 nel
971 2880 1079 2906 Capitolo
1134 2882 1251 2901 stamento
1267 2883 1348 2906 rogato
1364 2881 1392 2901 da
1408 2880 1521 2902 Giovanni
1539 2881 1639 2907 Pigazzi,
1652 2881 1665 2901 il
1677 2881 1753 2902 nobile
1765 2881 1915 2902 Bartolomeo
1932 2881 2006 2901 l‘ietm

205 2922 227 2943 di
243 2922 265 2943 S.
282 2923 392 2944 Mostiola
414 2924 541 2945 risultano:
566 2925 710 2945 venerabiles
734 2925 841 2945 dominus
865 2924 936 2945 trater
959 2924 1032 2945 David
1048 2925 1079 2945 vi·
1134 2925 1213 2950 elegge
1229 2925 1249 2945 la
1265 2931 1306 2946 sua
1331 2925 1451 2951 sepultura
1476 2925 1534 2946 nella
1559 2925 1670 2951 Cappella
1685 2925 1802 2951 gentilizia
1818 2925 1839 2945 di
1855 2924 1877 2946 S.
1894 2925 2005 2946 Mostioln

204 2967 280 2988 carius
295 2968 408 2993 generalis
424 2968 509 2989 Prioris
524 2969 579 2990 dicti
596 2969 729 2990 monasterii
745 2971 767 2990 et
782 2969 845 2995 apud
869 2975 920 2990 eum
937 2969 1075 2990 venerabilis
1130 2969 1153 2990 in
1169 2971 1319 2990 monumento
1334 2969 1358 2990 in
1373 2975 1418 2995 quo
1433 2970 1494 2990 {acet
1509 2975 1592 2995 corpus
1603 2969 1721 2995 quondam
1732 2969 1823 2990 domini
1838 2969 1940 2993 Nicoma
1956 2970 2006 2990 cius

204 3011 311 3032 dominus
326 3011 396 3033 frater
412 3012 497 3034 Paulus
512 3013 615 3034 sindicus
631 3015 652 3034 et
669 3015 840 3039 proeurator.,„
857 3014 927 3035 trater
944 3013 1075 3034 Bernardus
1127 3014 1214 3039 pam's,
1230 3019 1242 3034 e
1257 3014 1327 3034 lascia
1342 3014 1363 3034 al
1379 3013 1501 3035 Convento
1518 3014 1555 3034 100
1570 3013 1643 3034 fiorini
1661 3019 1700 3039 per
1716 3014 1736 3034 la
1752 3014 1911 3034 celebrazione
1927 3013 1948 3033 di
1961 3013 2004 3033 duc

205 3054 233 3075 de
248 3054 409 3082 Carmagnol‘i,
424 3056 494 3078 trater
508 3057 637 3083 Apolonius
652 3058 680 3078 de
696 3058 842 3084 Arigonibus.
859 3058 929 3079 trater
941 3058 1035 3084 tigidius
1051 3058 1078 3079 de
1134 3057 1212 3078 Messe
1228 3059 1340 3083 perpetue
1355 3058 1407 3083 ogni
1423 3058 1556 3079 settimana.

203 3098 304 3125 Crassis,
319 3099 389 3121 trater
404 3100 510 3126 Baptista
525 3101 554 3123 de
569 3102 684 3128 Terdona‚
699 3102 770 3123 trater
778 3102 876 3124 Carolus
887 3102 915 3123 de
924 3102 1072 3129 Arigonibus,
