2305 3407
298 130 364 163 296

292 273 353 305 per
381 264 594 296 I'elemosina
619 263 707 295 della
737 271 847 295 messa
871 271 930 295 ora
954 262 1124 303 stipulata,
1150 263 1192 294 ad
1227 263 1390 294 rationem
1415 265 1447 295 et
1479 265 1674 304 computum
1701 263 1859 294 librarum
1892 263 2026 304 triginta
2052 271 2112 295 sex

296 326 519 367 imperialium
546 335 606 367 pro
631 325 766 367 singula
790 325 920 366 capella
946 325 1081 366 singulo
1107 334 1196 357 anno
1220 323 1281 365 (l).

985 534 1443 576 CMLXXXVIII.

381 645 409 674 11
435 644 593 681 Capitolo
619 644 653 673 di
679 645 712 675 S.
738 644 911 680 Agostino
929 652 947 672 e
972 644 1007 672 di
1034 644 1069 672 S.
1089 644 1258 672 Mostiota
1283 643 1401 679 etegge
1426 652 1471 671 un
1496 644 1725 672 Procuratore
1749 653 1811 680 per
1837 644 1869 672 la
1889 649 2054 672 vertenza
2079 643 2113 672 di

292 708 327 736 S.
355 707 524 736 Mostiola
549 706 685 735 innanzi
711 707 744 735 al
770 706 954 735 Cardinale
980 706 1082 735 Carlo
1108 707 1304 735 Borromeo
1329 705 1364 734 di
1390 706 1535 737 Milano.

956 828 1106 857 1662.
1139 828 1340 859 :upa-ne.
1362 828 1438 852 14.

863 943 940 967 (Arcti.
957 943 1038 964 Notar,
1055 943 1076 964 di
1094 943 1171 964 Pana.
1188 954 1212 957 —
1228 943 1272 964 Atti
1289 943 1310 964 di
1327 942 1450 964 Guniiorto
1466 942 1558 964 Scottii.

393 1103 440 1218 l
534 1121 557 1147 Ν
583 1117 731 1148 claustro
757 1117 863 1148 sancti
891 1116 1070 1156 Augustini
1099 1115 1342 1147 Heremitarum
1369 1114 1487 1155 Papie.

643 1178 841 1212 Convocato
859 1177 1019 1220 Capitulo
1038 1179 1297 1210 reverendorum
1318 1177 1468 1209 Priorum
1487 1180 1519 1210 et
1538 1177 1686 1210 Fratrum
1706 1179 1986 1210 monasteriorum
2005 1179 2111 1210 sancti

380 1276 403 1277 ἶ
462 1276 504 1278 ἡ
555 1242 734 1283 Augustini
761 1244 793 1274 et
817 1244 934 1274 sancte
960 1241 1122 1273 Mustiole
1148 1241 1390 1273 l-{eremitarum
1417 1241 1566 1272 civitatis
1592 1240 1708 1282 Papie,
1733 1241 1774 1272 de
1801 1241 1993 1272 mandato...
2019 1250 2113 1273 reve-

289 1304 381 1335 rendi
416 1313 510 1336 sacre
537 1305 706 1346 theologie
732 1305 881 1346 magistri
908 1305 1034 1336 donnini
1062 1303 1174 1335 fratris
1200 1303 1307 1335 Fulvii
1328 1304 1369 1335 de
1384 1303 1630 1335 Montetortino
1657 1302 1784 1335 prioris
1809 1304 1888 1335 dicti
1916 1305 2109 1336 monasterii

285 1368 391 1398 sancti
420 1366 599 1407 Augustini
626 1370 657 1398 et
683 1367 888 1399 venerabilis
913 1367 1040 1398 domini
1067 1366 1178 1398 fratris
1205 1365 1309 1399 Roclti
1329 1367 1370 1398 de
1396 1364 1598 1398 Camairana
1626 1365 1752 1398 Prioris
1779 1367 1972 1398 monasterii
1993 1368 2109 1398 sancte

287 1429 448 1460 Mustiole
475 1430 635 1470 predicte,
661 1431 692 1461 in
718 1431 771 1461 cui
794 1439 893 1461 erano
918 1430 1022 1461 utzclze
1049 1430 1208 1470 magister
1233 1430 1393 1461 dominus
1418 1429 1520 1461 frater
1545 1429 1588 1460 lo.
1616 1428 1784 1461 Antonius
1810 1429 1850 1460 de
1877 1428 1993 1470 Papia,
2011 1429 2110 1462 frater

285 1490 411 1523 Orfeus
443 1493 484 1523 de
517 1492 634 1533 Papia,
660 1492 759 1524 frater
792 1492 834 1523 lo.
863 1492 1032 1524 Antonius
1066 1493 1253 1532 papiensis,
1279 1491 1379 1523 trater
1413 1491 1575 1523 Nicolaus
1607 1492 1648 1523 de
1681 1490 1798 1532 Papia,
1823 1491 1924 1523 frater
1956 1491 2110 1533 Filippus

282 1555 474 1586 tarvixinus
506 1556 619 1592 lector,
645 1555 746 1587 trater
779 1555 822 1586 lo.
849 1555 1002 1595 Baptista
1037 1555 1253 1595 pistoriensis
1280 1555 1393 1590 lector,
1419 1554 1519 1586 frater
1553 1553 1766 1595 Augustinus
1791 1554 1832 1585 de
1866 1553 1982 1595 Papia,
2008 1554 2109 1586 frater

285 1616 447 1648 Marciius
480 1618 667 1657 papiensis,
698 1617 798 1649 frater
831 1617 996 1649 Baldasar
1030 1617 1269 1657 neapolitanus
1303 1625 1429 1654 cursor,
1463 1616 1563 1648 trater
1596 1616 1889 1657 Michaelangelus
1927 1617 2115 1657 papiensis,

282 1679 382 1711 trater
407 1679 612 1711 Benedictus
646 1680 923 1715 mediolanensis,
950 1679 1050 1711 trater
1084 1679 1378 1720 Micliaelangelus
1417 1679 1650 1716 bononiensis,
1677 1678 1776 1710 frater
1803 1679 1846 1710 10.
1881 1678 2048 1711 Antonius
2073 1680 2114 1711 de

282 1740 479 1779 Castelatio,
506 1742 606 1774 frater
633 1742 801 1774 Eusebius
836 1743 1029 1782 patavinus,
1055 1741 1156 1773 frater
1182 1740 1288 1774 Cesar
1322 1741 1533 1779 veronensis,
1560 1740 1661 1772 frater
1694 1741 1911 1773 Hieronimus
1943 1742 2114 1779 firmanus,

281 1804 380 1835 trater
415 1804 609 1836 Ludovicus
643 1805 874 1845 placentinus,
909 1804 1009 1836 frater
1043 1803 1264 1844 Sperandeus
1299 1804 1484 1840 ianuensis,
1519 1803 1619 1834 frater
1652 1803 1815 1834 Nicolaus
1847 1804 1888 1834 de
1923 1803 2111 1835 Monticulo

281 1864 498 1906 (cancellato)
516 1871 546 1898 et
573 1866 673 1898 frater
700 1867 791 1898 Elias
818 1867 1004 1907 papiensis,
1026 1866 1084 1907 piu
1110 1867 1144 1898 di
1161 1866 1223 1898 due
1248 1867 1328 1897 terzi
1351 1866 1405 1897 dcl
1429 1866 1584 1906 capitolo,
1599 1866 1630 1897 si
1653 1865 1768 1905 elegge
1782 1868 1993 1906 procuratore
2019 1875 2112 1898 reve-

282 1929 422 1960 rendum
457 1938 551 1960 sacre
586 1929 729 1970 teologie
764 1930 960 1970 magistrum
996 1929 1169 1960 dominum
1202 1928 1335 1960 fratrem
1363 1927 1407 1959 to.
1435 1927 1618 1959 Antonium
1652 1928 1692 1959 de
1726 1927 1864 1969 Papia...
1891 1928 2114 1968 specialiter...

281 1991 324 2022 ad
350 1992 648 2031 comparendum...
675 2000 787 2022 corani
815 1992 1000 2023 reverendo
1028 1991 1110 2022 iuris
1138 1991 1314 2031 utriusque
1341 1991 1478 2022 doctore
1497 1990 1636 2021 domino
1663 1989 1796 2022 Andrea
1825 1989 1971 2023 Ruberto
1990 1991 2111 2022 clerico

280 2053 526 2084 mediolanensi
564 2054 840 2085 reverendissimi
868 2054 993 2085 domini
1021 2054 1147 2084 domini
1184 2051 1297 2085 Caroli
1325 2053 1458 2084 diaconi
1492 2051 1687 2084 Cardinalis
1713 2052 1868 2084 Boromei
1896 2054 2013 2084 sancte
2046 2061 2113 2084 me-

279 2115 490 2147 diolanensis
517 2115 670 2147 Ecclesie
697 2116 848 2156 perpetui
875 2116 1163 2147 administratoris
1189 2116 1315 2146 vicario
1341 2118 1373 2146 et
1398 2117 1618 2155 exequutore,
1637 2115 1874 2146 commissario
1901 2116 1931 2146 et
1957 2114 2112 2156 delegato

280 2178 472 2217 apostolico
500 2181 532 2209 ut
558 2178 679 2209 dicitur
711 2178 832 2209 ellecto
859 2181 889 2209 et
914 2178 1078 2218 deputato
1105 2178 1148 2209 ad
1183 2178 1377 2209 instantiam
1404 2177 1647 2209 venerabilium
1675 2178 1885 2209 dominarum
1912 2177 2112 2209 Monialium

281 2242 394 2271 sancte
415 2239 521 2271 Marie
541 2239 670 2271 Montis
696 2238 820 2271 Oliveti
849 2239 963 2280 Papie‚
990 2239 1129 2272 Ordinis
1156 2240 1261 2272 Vallis
1290 2240 1586 2277 Umbrose,causa
1612 2243 1643 2271 et
1669 2240 1855 2271 occaxione
1881 2240 2053 2271 citationis
2077 2242 2109 2271 et

283 2302 478 2333 monitionis
503 2302 631 2333 eisdem
659 2302 806 2333 dominis
833 2302 992 2334 tratribus
1019 2305 1053 2333 ut
1079 2302 1201 2333 dicitur
1225 2302 1312 2334 tacte
1338 2304 1368 2333 et
1395 2302 1577 2334 intimate...
1603 2304 1633 2334 et
1658 2302 1700 2333 ad
1720 2302 1900 2334 dicendum
1928 2311 2003 2333 curn
2023 2302 2110 2334 bona

283 2365 381 2395 venia
401 2363 564 2404 prefatum
593 2365 812 2396 reverendum
833 2365 1006 2396 dominum
1034 2364 1200 2396 Andream
1228 2364 1334 2396 fuisse
1352 2367 1383 2396 et
1401 2373 1476 2396 esse
1503 2364 1649 2396 iudicem
1677 2365 1811 2405 penitus
1831 2365 2111 2405 incompetentem

341 2523 358 2543 tl
380 2522 404 2542 Αι
420 2521 546 2542 fiiebbrnin
566 2522 615 2542 1:302
630 2522 746 2542 trovinino
762 2523 794 2541 tra
810 2522 838 2546 gli
856 2522 898 2542 :itti
914 2522 950 2541 del
962 2522 1041 2542 notaio
1057 2522 1170 2542 (iiovanni
1226 2524 1247 2542 et
1265 2521 1428 2542 detunctorum
1444 2527 1548 2543 suorum.

288 2566 369 2586 Mareu
392 2566 470 2590 Maugi
487 2567 500 2586 il
524 2568 667 2586 testamento
683 2566 718 2586 del
740 2566 816 2586 nubile
836 2566 953 2586 Gatcazzo
973 2566 1002 2586 de
1022 2566 1118 2587 Soleriis
1141 2567 1169 2587 de
1279 2567 1304 2588 Αἰ
1323 2567 1346 2587 18
1361 2567 1446 2592 giugno
1462 2567 1475 2587 il
1492 2567 1571 2587 notaio
1587 2566 1644 2587 Gian
1662 2566 1789 2587 Doinenico
1806 2566 1886 2587 Pur-*ri
1903 2566 1938 2587 nel
1954 2568 2069 2587 convento
2085 2566 2107 2586 di

289 2610 389 2635 Mutina,
407 2611 442 2630 ilel
459 2610 481 2630 in
498 2610 619 2634 Giawrnn,
635 2611 740 2631 abit-'inte
756 2611 777 2630 in
795 2610 864 2631 l’uvin
881 2612 901 2630 in
914 2611 1049 2636 parroechia
1065 2611 1086 2631 di
1099 2610 1170 2632 Saum
1225 2611 1247 2632 S.
1265 2611 1388 2636 Aaosiino,
1403 2611 1462 2632 nella
1478 2612 1535 2632 cella
1551 2611 1572 2631 di
1589 2610 1648 2631 irate
1664 2611 1778 2635 Auostino
1794 2611 1822 2631 dn
1839 2610 1918 2635 Puvia,
1935 2616 1990 2637 roga
2007 2611 2020 2631 il
2036 2612 2108 2632 testa-

289 2655 361 2675 Manu
379 2655 468 2678 Nummi,
485 2655 520 2675 uel
537 2655 604 2680 uir-ile
621 2654 715 2675 ntnudnt
731 2655 794 2680 quun
810 2655 910 2676 cadaver
925 2661 992 2675 suurn
1009 2656 1137 2681 sepeliatur
1148 2658 1169 2677 et

288 2700 380 2724 sepeliri
393 2700 477 2719 debent
489 2705 510 2719 in
522 2699 609 2723 capt-lla
621 2699 721 2723 Virginis
734 2699 806 2720 Mnrie
817 2702 952 2720 constructa
969 2700 1054 2720 subtus
1065 2700 1168 2721 claustro

288 2744 386 2764 ecclesie
398 2746 418 2764 et
432 2744 566 2763 monasterii
578 2744 651 2764 sancti
668 2744 791 2769 Augustini
804 2743 883 2769 Papie,
893 2750 993 2770 gravans
1009 2744 1172 2770 infrascriptos

289 2788 340 2808 eius
362 2788 460 2808 heredes
481 2788 625 2808 universales
646 2788 675 2808 ad
696 2788 815 2809 cellebrari
833 2788 963 2809 iaciendum
986 2789 1048 2809 onini
1063 2795 1133 2813 anno.
1149 2790 1170 2810 in

290 2836 438 2858 perpetuum,
459 2833 480 2852 in
503 2833 608 2858 quotibet
629 2838 707 2853 iriense
729 2833 863 2853 novembris
879 2833 899 2853 in
915 2832 976 2854 festo
998 2833 1170 2859 detunctorum,

290 2880 343 2902 post
359 2878 410 2897 eius
425 2877 556 2901 decessum,
571 2876 601 2897 ad
617 2877 702 2897 dictant
718 2877 830 2903 capellani
847 2883 888 2903 per
903 2878 1048 2899 venerabiles
1063 2878 1171 2899 dominos

291 2922 383 2942 lsrntres
403 2921 506 2942 eiusdem
524 2922 667 2946 monasterii,
683 2921 782 2942 militium
799 2927 868 2942 unuin
889 2927 941 2942 cuin
958 2922 1028 2943 inissa
1044 2928 1056 2943 a
1073 2923 1171 2943 mortuis

292 2971 333 2991 pro
349 2966 424 2986 aninta
441 2969 461 2986 ct
479 2966 500 2986 in
517 2967 676 2987 remissionem
693 2969 842 2992 pcccatorum
859 2967 934 2992 ipsius
949 2966 1034 2987 domini
1051 2968 1174 2988 testatoris

1227 2658 1305 2677 mento
1321 2656 1342 2677 di
1358 2656 1460 2677 Antonio
1477 2655 1547 2681 Praxi,
1563 2655 1585 2676 di
1603 2655 1682 2681 Pavin,
1699 2656 1734 2676 net
1750 2656 1819 2681 quale
1841 2656 1934 2681 obbliga
1952 2656 1956 2676 i
1972 2656 2024 2676 suoi
2040 2655 2103 2677 credi

1223 2700 1252 2721 nd
1268 2700 1370 2721 dandum
1386 2702 1407 2721 et
1423 2700 1561 2721 solvendum
1577 2703 1648 2720 semet
1664 2702 1754 2720 tantum
1771 2701 1824 2725 post
1840 2700 1929 2720 obitum
1946 2699 2020 2726 ipsius
2036 2702 2106 2721 testa-

1227 2745 1285 2765 toris
1299 2745 1472 2766 venerabilibus
1495 2745 1589 2764 domino
1606 2743 1678 2765 Priori
1695 2747 1717 2765 et
1739 2744 1858 2765 Fratribus
1881 2744 2016 2765 monasterii
2031 2744 2105 2765 sancti

1226 2790 1350 2815 Augustini
1374 2789 1445 2815 Papic
1462 2786 1544 2810 sentos·
1567 2791 1669 2815 quatuor
1690 2790 1753 2814 auri,
1777 2789 1837 2810 illico
1860 2790 1914 2815 post
1937 2789 2027 2810 obitum
2050 2789 2105 2810 dicti

1227 2834 1349 2855 testatoris
1372 2837 1395 2854 ut
1411 2839 1492 2859 supra,
1507 2834 1528 2854 in
1549 2833 1650 2854 denariis
1671 2834 1800 2854 numeratis
1814 2835 1905 2854 tantum
1921 2835 1943 2854 ct
1965 2839 2010 2854 non
2029 2833 2104 2854 aliter.

1226 2878 1364 2900 Testiinonii
1379 2878 1471 2899 all'atto
1487 2878 1604 2903 tigni-ano:
1620 2877 1691 2899 trater
1707 2878 1786 2899 Nicola
1802 2877 1831 2899 de
1847 2877 1927 2904 Papia,
1943 2877 2014 2899 irater
2028 2877 2106 2903 Augu-

1227 2923 1303 2944 stinus
1324 2922 1353 2943 de
1375 2922 1456 2948 Papia,
1472 2922 1542 2943 irater
1565 2922 1682 2943 Martinus
1704 2922 1732 2943 de
1756 2922 1834 2947 lanua,
1850 2921 1921 2943 trater
1941 2922 2055 2943 lohannes
2076 2921 2105 2942 de

1230 2966 1310 2993 Papia,
1326 2966 1397 2988 trater
1413 2966 1476 2987 Elias
1491 2967 1520 2987 de
1536 2966 1615 2992 Papia.
