2305 3407
1944 156 2003 188 251

195 284 236 315 de
263 283 379 325 Papia,
405 284 506 316 frater
530 284 685 316 Andreas
710 285 751 316 de
778 285 998 323 Monasterio,
1034 284 1133 316 frater
1171 285 1387 317 Hieronimus
1413 287 1453 317 de
1481 285 1596 327 Papia,
1628 287 1687 327 piu
1712 288 1746 319 cli
1770 288 1832 320 due
1857 289 1936 320 terzi
1959 289 2012 320 del

195 346 349 387 capitolo,
374 347 404 378 si
427 355 575 387 approva
599 347 632 378 Ia
659 347 789 378 vendita
810 355 871 387 per
893 347 949 378 lire
973 347 1040 379 500
1063 347 1236 387 Imperi'uli,
1262 347 1296 379 cli
1319 356 1385 379 una
1410 357 1491 379 casa
1509 349 1540 380 in
1558 348 1743 382 Roveleccn
1761 350 1792 381 in
1811 349 2010 382 Parrocclzia

194 408 228 440 di
251 408 284 441 S.
313 407 449 448 Giorgio
474 409 506 440 in
531 408 723 446 Fornarolo,
760 408 794 439 al
828 408 937 440 nobile
974 408 1090 440 Flavio
1121 409 1217 440 Torti.
1256 409 1281 440 ΙΙ
1304 410 1447 441 secondo
1484 412 1617 442 trattato
1653 412 1683 442 si
1716 411 1753 450 fa
1793 412 1878 443 nello
1904 415 2009 444 stesso

189 471 317 511 giorno,
341 471 365 502 il
389 473 475 502 terzo
501 479 517 502 e
541 471 574 502 [α
601 470 732 502 vendita
757 471 782 502 il
802 472 921 511 giorno
947 471 1034 511 dopo
1052 470 1113 510 (l).

970 671 1212 712 CMLVI.

280 780 308 807 Il
333 779 453 808 Priore
480 779 651 808 Generale
678 780 765 808 frate
791 780 990 809 Cristoforo
1017 781 1060 809 da
1088 782 1235 810 Padova
1261 781 1442 810 autorizza
1469 783 1557 810 frate
1576 782 1737 810 Cornelio
1763 783 1808 811 da
1834 783 2009 812 Piacenza

193 841 212 861 a
237 833 395 861 ricevere
421 833 444 861 il
471 833 646 862 dottorato
673 834 706 861 in
731 834 897 870 teologia.

800 956 955 988 1637,
989 959 1024 982 (1
1031 957 1117 982 loe
1123 959 1310 990 nubre,
1342 959 1394 983 4.

689 1045 767 1065 ιΑῐι-Ιι.
784 1045 865 1066 Notar.
882 1045 904 1065 di
922 1045 1000 1066 pavia.
1018 1056 1042 1059 —
1058 1045 1106 1066 Atti
1122 1046 1144 1066 di
1161 1045 1273 1067 Giaconio
1289 1045 1380 1066 Andrea
1397 1046 1514 1067 Boldouii.

438 1247 559 1275 RATER
582 1241 850 1284 Christophorus
876 1242 1073 1281 Patavinus,
1110 1243 1249 1275 Ordinis
1282 1244 1525 1276 Heremitarurn
1563 1246 1669 1276 sancti
1696 1245 1875 1286 Augustini
1914 1246 2008 1279 Prior

460 1304 637 1337 Generalis
664 1306 835 1347 indignus,
862 1306 984 1338 dilecto
1010 1307 1109 1338 nobis
1136 1307 1166 1338 in
1193 1305 1330 1339 Christo
1358 1307 1447 1338 fratri
1481 1306 1640 1339 Cornelio
1668 1307 1863 1340 Placentino
1891 1309 2009 1341 bacca-

460 1368 574 1399 laureo
600 1368 751 1400 eiusdem
778 1367 917 1400 Ordinis
942 1378 980 1400 ac
1006 1369 1086 1406 voti,
1112 1369 1266 1401 salutem.

278 1228 365 1345 F

279 1430 347 1462 Lab
360 1439 427 1462 ires
453 1431 509 1468 tui,
536 1439 624 1471 quos
650 1431 681 1461 in
707 1431 925 1471 acquirendis
951 1431 1051 1462 bonis
1075 1432 1205 1463 artibus
1230 1434 1261 1463 et
1287 1441 1403 1464 sacrae
1429 1432 1619 1473 theologiae
1645 1434 1816 1473 agnitione
1842 1434 2007 1474 pertulisti

190 1500 252 1524 nos
277 1492 461 1530 hortantur,
488 1494 521 1524 ut
546 1502 622 1524 cum
649 1495 679 1524 te
705 1493 761 1524 diu
788 1493 820 1524 in
846 1502 959 1524 earum
997 1493 1212 1525 scientiarum
1254 1494 1423 1534 palaestra
1460 1495 1653 1526 exercueris
1690 1498 1722 1527 et
1754 1495 1897 1527 fraicturn
1925 1498 2008 1528 satis

189 1554 369 1586 comodum
396 1555 559 1593 retuleris,
585 1557 616 1586 te
642 1556 770 1595 premio
807 1555 942 1586 tandem
979 1556 1156 1593 donemus,
1185 1557 1277 1596 quod
1305 1557 1446 1588 virtutes
1472 1566 1530 1597 per
1555 1559 1584 1588 te
1610 1558 1778 1598 aquisitae
1804 1561 2007 1599 exposcunt.

191 1615 376 1657 Eapropter
401 1625 474 1648 cum
501 1625 619 1648 omnes
633 1617 759 1658 gradus
778 1617 809 1648 in
825 1616 952 1649 Ordine
970 1617 1113 1649 conferri
1140 1618 1269 1655 solitos,
1297 1621 1428 1659 praeter
1453 1620 1647 1661 magisterii,
1674 1620 1845 1661 legiptime
1863 1621 2008 1662 adeptus

188 1678 303 1716 fueris,
329 1688 417 1710 nunc
445 1688 524 1711 vero
549 1679 656 1720 gradu
693 1688 853 1720 supremo
891 1680 1075 1721 magisterii
1113 1681 1350 1721 insigniendus
1388 1681 1487 1713 nobis
1523 1691 1693 1718 occurras,
1720 1684 1750 1714 et
1777 1683 2004 1714 testimonium

189 1741 327 1781 insuper
352 1741 451 1773 nobis
477 1742 640 1782 optimum
667 1742 708 1774 de
734 1744 765 1774 te
792 1743 1042 1783 virtutibusque
1057 1743 1123 1774 tuis
1139 1743 1335 1784 perferatur,
1362 1744 1522 1776 nolumus
1537 1745 1797 1785 praetermittere
1816 1746 1896 1785 quin
1915 1747 1946 1777 te
1964 1746 2006 1776 ad

187 1811 260 1834 earn
286 1803 484 1844 dignitatem
511 1805 777 1845 suscipiendam,
803 1805 844 1836 de
870 1804 1010 1837 Ordinis
1037 1806 1189 1838 instituto
1207 1815 1245 1837 ac
1264 1806 1347 1847 lege,
1367 1816 1642 1847 promoveamus.
1669 1806 1783 1848 ltaque
1808 1808 2007 1840 auctoritate

188 1864 289 1896 officii
315 1867 431 1904 nostri,
457 1868 571 1898 tenore
598 1867 835 1907 praesentium,
874 1868 933 1899 tibi
959 1867 1153 1900 facultatem
1180 1869 1411 1907 concedimus,
1438 1872 1471 1900 ut
1498 1869 1548 1900 vel
1576 1870 1607 1900 in
1637 1870 1750 1910 aliqua
1789 1871 2007 1902 universitate

189 1927 241 1959 vel
267 1928 310 1959 ab
335 1928 451 1968 aliquo
476 1938 549 1960 eam
575 1930 808 1961 auctoritatem
837 1930 991 1968 habente,
1018 1931 1164 1971 insignia
1205 1931 1412 1971 magistralia
1453 1932 1625 1972 suscipere
1651 1932 1765 1971 possis
1791 1934 1822 1963 et
1848 1932 2007 1964 omnibus

190 1990 307 2029 gratiis
333 1992 364 2021 et
390 1991 578 2032 privilegiis
604 2000 663 2022 nec
689 2001 754 2023 non
782 1992 1051 2024 immunitatibus
1076 1993 1228 2033 potiaris,
1255 1993 1381 2033 quibus
1406 1993 1617 2025 venerabiles
1642 1994 1794 2034 magistri
1821 1995 1851 2025 in
1879 1993 2006 2026 Ordine

190 2054 305 2083 nostro
332 2053 504 2093 potiuntur
529 2055 561 2084 et
586 2054 744 2094 gaudent.
772 2054 953 2086 Hortantes
978 2056 1008 2086 te
1034 2055 1066 2086 in
1093 2054 1240 2086 Domino
1265 2058 1296 2086 et
1322 2058 1498 2087 monentes
1517 2058 1551 2087 ut
1569 2056 1669 2087 huius
1695 2056 1869 2097 dignitatis
1894 2056 2007 2096 splen-

189 2114 304 2146 dorem
330 2116 361 2146 et
386 2115 619 2146 auctoritatem
646 2116 688 2147 ad
715 2115 776 2147 Dei
804 2116 964 2147 honorem
1003 2125 1063 2148 nec
1100 2126 1165 2148 non
1203 2116 1343 2149 Ordinis
1369 2118 1472 2149 nostri
1499 2118 1696 2158 dignitatem
1723 2120 1753 2149 et
1778 2119 2005 2156 commodum,

189 2179 315 2217 quanta
341 2177 467 2217 poteris
493 2177 668 2218 diligentia
693 2180 724 2209 et
749 2178 873 2216 studio,
899 2179 1037 2209 omnino
1063 2178 1198 2210 referas.
1225 2179 1263 2210 Et
1279 2180 1341 2211 hoc
1367 2180 1398 2211 in
1425 2180 1567 2211 Nomine
1587 2179 1696 2212 Patris
1721 2182 1751 2211 et
1778 2180 1850 2211 Filii
1876 2182 1907 2211 et
1933 2179 2008 2221 Spi-

189 2239 272 2271 ritus
299 2238 425 2277 Sancti,
452 2239 568 2271 Amen.
595 2239 685 2271 Bene
712 2240 786 2272 vale
814 2241 846 2271 in
873 2239 1030 2272 Domino.
1068 2240 1191 2272 Datum
1219 2241 1417 2279 Florentiae,
1443 2242 1497 2273 die
1523 2244 1641 2282 quarta
1674 2242 1875 2280 decembris,
1901 2243 2008 2274 mille-

190 2302 276 2333 simo
301 2302 574 2343 quingentesimo
600 2303 884 2343 quinquagesimo
909 2304 1066 2343 septimo,
1092 2304 1196 2334 nostri
1223 2303 1324 2335 officii
1351 2303 1452 2335 solito
1478 2304 1542 2335 sub
1568 2304 1690 2345 sigillo.
1718 2304 1830 2336 Frater
1855 2303 2008 2337 Christo-

191 2363 284 2395 torus
309 2364 477 2405 generalis
503 2364 663 2405 indignus
681 2362 743 2404 (2).

250 2548 279 2573 (1)
294 2548 320 2569 Αἰ
334 2549 347 2570 5
361 2549 486 2570 novembre
502 2555 545 2570 con
560 2551 611 2570 atto
633 2549 654 2570 di
677 2549 808 2575 Guglielmo
832 2549 950 2575 Cristiani,
966 2550 1000 2570 nel
1016 2555 1069 2570 con-

195 2594 265 2614 vento
279 2593 301 2614 di
317 2592 340 2614 S.
356 2593 478 2619 Agostino,
494 2599 572 2614 coram
588 2594 715 2615 reverendo
731 2599 796 2615 sacre
812 2594 929 2619 theologie
956 2594 1068 2619 magistro

195 2637 288 2658 domino
303 2637 374 2659 tratre
389 2637 497 2660 Cornelio
514 2639 654 2664 placentino,
671 2638 749 2660 Priore
766 2639 901 2659 monasterii
923 2640 1003 2659 sancte
1019 2638 1069 2659 Mu-

195 2682 264 2703 stiole
279 2682 351 2708 papie
365 2684 388 2704 et
403 2683 529 2704 venerabili
545 2683 639 2704 domino
654 2683 725 2704 fratre
741 2683 818 2705 Rocho
834 2683 862 2704 de
873 2683 1010 2704 Camairano
1026 2683 1070 2704 sin-

195 2726 248 2747 dico
263 2728 286 2748 et
301 2728 453 2752 procuratore
467 2727 522 2748 dicti
539 2728 682 2753 monasterii,
697 2728 752 2748 item
768 2729 791 2748 et
806 2733 883 2749 coram
895 2727 1022 2748 reverendo
1034 2728 1073 2749 do-

196 2771 258 2792 mino
273 2771 343 2792 tratre
359 2772 460 2793 Antonio
475 2772 503 2793 de
520 2771 592 2798 Papia
607 2772 730 2798 subpriore
746 2777 787 2793 seu
804 2773 890 2793 vicario
913 2772 1009 2798 prefacti
1026 2778 1072 2793 nio-

197 2816 291 2836 nasterii
306 2816 380 2837 sancti
396 2816 528 2842 Augustini,
544 2817 598 2837 item
616 2817 744 2838 reverendo
762 2817 857 2838 domino
873 2817 985 2842 magistro
1000 2819 1071 2838 tratre

197 2861 299 2886 Eugenio
315 2861 453 2887 pisauriensi
475 2863 578 2887 regente,
600 2862 732 2883 venerando
748 2862 842 2883 domino
852 2861 922 2883 tratre
938 2862 1071 2883 Hieroniino

198 2904 226 2926 de
241 2904 346 2931 Septimo
356 2905 368 2926 ?
384 2905 532 2931 bacalaureo,
547 2906 680 2927 venerando
691 2906 785 2927 domino
801 2905 871 2927 tratre
887 2906 917 2927 lo.
934 2906 1025 2927 Andrea
1041 2906 1069 2927 dc

196 2949 304 2970 Felizano
319 2950 405 2971 lectore
420 2951 443 2971 et
459 2950 591 2971 venerando
606 2950 701 2971 domino
725 2950 795 2971 tratre
811 2951 842 2971 lo.
859 2951 967 2977 Baptista
983 2951 1010 2971 de
1027 2951 1068 2972 Vc<

197 2999 261 3019 rona,
276 2994 385 3015 omnibus
400 2994 511 3015 fratribus
526 2995 685 3016 residentibus
700 2995 721 3016 in
737 2995 829 3021 prefato
840 2996 982 3016 monasterio
998 2995 1071 3016 sancti

198 3037 330 3065 Augustini,
345 3038 359 3059 il
375 3039 493 3060 causidico
509 3038 620 3060 Giacomo
635 3039 727 3060 Andrea
744 3039 851 3066 Boldoni,
867 3041 1020 3066 procuratore
1036 3040 1072 3061 del

1123 2549 1198 2571 Conte
1213 2549 1282 2571 Cario
1299 2550 1414 2571 Barbiano
1425 2551 1446 2571 di
1459 2551 1601 2577 Belgioioso,
1613 2552 1681 2572 erede
1692 2552 1714 2572 di
1726 2551 1865 2573 Contcssina
1878 2551 2002 2578 Barbiano,

1123 2594 1180 2615 ottre
1195 2595 1235 2615 lire
1250 2595 1276 2615 80
1291 2594 1399 2615 d'aiiitto
1415 2595 1436 2615 di
1453 2601 1482 2616 un
1497 2601 1558 2616 anno
1574 2595 1632 2616 delle
1648 2597 1709 2616 terre
1727 2595 1749 2616 di
1765 2596 1881 2621 Abiatico,
1893 2596 2004 2617 investite

1124 2639 1144 2659 ni
1162 2638 1277 2659 Barbiano
1286 2639 1321 2660 nel
1339 2639 1397 2664 1531,
1415 2640 1439 2660 13
1453 2645 1506 2660 ιιον,
1522 2645 1566 2660 con
1581 2641 1632 2661 atto
1644 2639 1666 2660 di
1677 2639 1754 2661 pietro
1771 2639 1835 2661 Cani.
1848 2640 1854 2660 l
1867 2645 2000 2665 rappresen-

1125 2683 1183 2704 tanti
1206 2683 1241 2704 dei
1261 2683 1306 2704 due
1328 2684 1446 2709 conventi,
1467 2683 1488 2705 ai
1511 2684 1573 2710 quali
1589 2684 1609 2705 le
1625 2684 1689 2705 dette
1706 2684 1729 2704 L.
1744 2684 1771 2705 80
1786 2684 1965 2710 spetterebbero
1981 2685 2003 2705 in

1128 2728 1187 2753 parti
1203 2728 1287 2753 eguali,
1304 2727 1413 2749 riiiutano
1435 2728 1457 2749 di
1479 2729 1604 2749 accettarle
1629 2728 1713 2754 perche
1729 2734 1774 2749 non
1789 2728 1916 2749 intcndono
1931 2728 2003 2749 conti-

1127 2777 1198 2793 nuare
1213 2772 1233 2793 la
1249 2772 1397 2793 investitura.

1179 2817 1209 2837 421
1229 2817 1271 2838 Fra
1286 2817 1315 2842 gli
1331 2817 1373 2838 atti
1389 2817 1450 2838 dello
1465 2818 1544 2838 stesso
1567 2817 1664 2837 Boldoni
1689 2817 1805 2837 trovinnio
1821 2817 1841 2837 ai
1857 2816 1883 2837 20
1898 2816 2002 2837 iebbraio

1129 2862 1179 2882 1558
1193 2861 1207 2882 il
1223 2861 1325 2887 diploma
1341 2861 1362 2881 di
1379 2861 1457 2882 laurea
1479 2861 1500 2881 in
1523 2861 1625 2887 teologia
1648 2861 1669 2882 di
1692 2861 1751 2882 irate
1773 2860 1881 2882 Cornelio
1903 2860 1931 2881 dn
1955 2859 2004 2881 Pia<

1124 2912 1203 2927 ccnza.
1220 2906 1270 2927 Non
1286 2906 1307 2926 lo
1323 2906 1496 2932 pubblichiamo
1513 2906 1597 2931 perche
1613 2906 1624 2927 ὲ
1639 2906 1741 2927 identico
1757 2911 1769 2926 a
1786 2906 1863 2931 quello
1879 2905 1915 2926 del
1930 2905 1943 2925 6
1958 2906 2004 2926 set-

1124 2951 1213 2971 tembre
1230 2950 1288 2971 1556.
1305 2950 1413 2971 Notinmo
1429 2950 1480 2971 solo
1495 2951 1536 2971 che
1552 2950 1585 2971 ira
1601 2951 1606 2970 i
1622 2950 1740 2971 testimoni
1756 2950 1801 2970 alla
1817 2950 1895 2970 laurea
1913 2955 1972 2970 sono
1989 2949 2002 2969 il

1128 2994 1233 3016 Maesti-o
1248 2994 1308 3015 frate
1324 2995 1427 3020 fingenio
1449 2994 1477 3015 dn
1501 2994 1587 3015 Pesaro
1603 2994 1624 3014 di
1646 2994 1669 3015 S.
1685 2994 1800 3019 Agostino
1816 2999 1827 3014 c
1843 2993 1901 3014 frate
1917 2993 2004 3014 Miche-

1127 3039 1218 3065 langelo
1234 3039 1262 3060 da
1280 3039 1404 3060 Palazzolo
1420 3039 1442 3059 di
1457 3038 1604 3060 SMostiola.
