2305 3407
1925 157 1984 189 153

887 342 1233 384 DCCCXXVI
1242 342 1277 381 I.

263 451 290 479 11
317 451 477 487 Capitolo
502 451 537 479 di
562 451 597 480 S.
625 450 795 479 Mostiola
821 451 932 479 vende
958 452 1081 480 aleune
1113 456 1205 480 terre
1232 451 1265 479 in
1291 451 1386 479 Sale.

785 546 922 570 162ae
935 564 943 577 ‚

991 547 1230 572 re1111t11()
1242 562 1255 577 9
1285 545 1375 571 27.

704 633 782 654 (Arcti.
800 634 879 654 Notar.
897 635 917 655 di
936 634 1005 656 Pavm
1021 646 1045 648 —
1064 635 1111 656 Atti
1128 635 1149 655 di
1166 635 1223 656 Gian
1241 634 1318 655 Pietro
1334 634 1450 660 Appiani).

256 770 415 919 *I

411 837 442 878 γΝ
467 832 613 863 claustro
639 833 832 864 monasterii
869 835 899 863 et
931 834 1119 864 conventus
1156 835 1270 864 sancte
1308 832 1468 864 Mustiole
1506 831 1620 873 Papie,
1645 834 1676 864 et
1703 833 1732 864 in
1761 832 1833 864 loeo
1861 833 1891 863 in
1918 841 1985 873 quo

410 884 411 908 ³
438 895 473 926 fit
498 892 726 935 Capitulum...
753 892 986 926 convocato...
1012 893 1204 936 Capitulo...
1231 895 1271 927 de
1298 895 1490 926 mandato...
1517 895 1691 926 reverendi
1719 894 1845 925 domini
1875 894 1985 926 fratris

410 966 411 991 l
440 956 598 987 Iohannis
623 956 663 987 de
690 955 938 997 CarrnagnoIia‚
964 956 1025 988 Dei
1052 957 1157 998 gratia
1183 958 1304 998 prioris
1330 957 1409 988 dicti
1437 955 1670 989 Conventus...
1698 957 1727 988 in
1755 966 1822 997 quo
1849 957 1984 997 quidem

173 1017 331 1059 Capitulo
357 1018 609 1050 interfuerunt...
636 1018 787 1059 prefatus
813 1019 970 1050 dominus
997 1018 1091 1050 Prior
1115 1023 1179 1051 et...
1205 1019 1411 1051 reverendus
1437 1028 1532 1050 sacre
1558 1019 1726 1060 theologie
1753 1019 1911 1060 magister
1928 1019 1987 1050 do-

172 1081 282 1112 minus
307 1080 406 1112 frater
431 1080 577 1112 Michael
605 1080 755 1121 Angelus
782 1081 821 1112 de
848 1080 956 1119 Petra,
983 1082 1194 1114 venerabiles
1220 1082 1346 1113 domini
1384 1081 1483 1113 frater
1520 1081 1684 1113 lohannes
1709 1080 1920 1122 Augustinus
1946 1081 1986 1112 de

171 1140 388 1175 Castronovo
414 1145 445 1174 et
470 1142 570 1174 frater
596 1142 762 1174 lohannes
788 1143 829 1174 de
855 1142 999 1175 Gallia...
1027 1144 1189 1176 facientes
1215 1144 1292 1184 plus
1318 1153 1418 1184 quam
1443 1144 1530 1175 duas
1557 1146 1669 1184 partes
1694 1152 1735 1175 ex
1762 1143 1870 1175 tribus
1906 1144 1984 1174 dicti

171 1203 333 1245 Capituli,
358 1214 549 1246 approvano
575 1205 607 1236 lu
635 1205 764 1237 vendita
786 1205 846 1246 gili
871 1206 1019 1238 orielletro
1038 1206 1130 1247 fatto
1155 1206 1198 1238 da
1216 1206 1306 1247 frate
1342 1208 1484 1237 maestro
1520 1205 1762 1246 Michelangelo
1795 1205 1917 1244 Pielm,
1943 1206 1988 1237 ad

171 1275 213 1299 uri
245 1267 405 1299 Vincenzo
437 1267 557 1299 Vaccru·
579 1267 615 1299 cii
638 1267 724 1304 Sale,
751 1268 786 1299 cii
808 1276 873 1299 una
898 1270 981 1299 terra
1006 1268 1041 1300 di
1067 1269 1107 1300 70
1125 1268 1270 1309 ρει-110110
1294 1269 1325 1300 in
1350 1268 1427 1308 quel
1450 1268 1560 1308 luogo,
1586 1267 1628 1299 ed
1650 1267 1811 1308 eleggono
1829 1268 1897 1299 loro
1910 1276 1987 1308 pro-

170 1331 316 1361 curatore
341 1329 365 1361 il
387 1329 475 1361 detto
511 1329 623 1361 Priore
656 1329 714 1370 fra
752 1329 919 1362 Giovanm·
941 1330 985 1362 cla
1012 1329 1236 1371 Carmagrzola
1256 1339 1318 1371 per
1341 1330 1476 1362 vendere
1501 1330 1535 1361 al
1559 1330 1646 1362 detto
1679 1330 1799 1362 Vaccru‘
1822 1339 1863 1361 zm
1889 1339 1986 1362 censo

167 1393 324 1432 perpetuo
349 1392 407 1423 che
431 1392 499 1433 egli
521 1392 602 1423 deve
622 1400 751 1433 pagare
776 1392 810 1424 αΙ
835 1391 1014 1432 Convento,
1040 1393 1072 1424 ίη
1097 1393 1211 1425 sacclu'
1246 1395 1375 1433 quattro
1401 1393 1436 1424 di
1462 1392 1629 1433 frumento
1666 1392 1834 1430 αΙΙάηηο,
1859 1402 1898 1424 su
1926 1393 1989 1425 100

166 1454 310 1495 peruche
334 1455 369 1486 di
392 1456 476 1486 terra
499 1454 553 1486 nel
576 1454 676 1494 luogo
702 1454 737 1486 di
760 1454 848 1493 Sale,
871 1455 931 1495 gie
958 1455 1095 1487 venciate
1120 1455 1154 1486 al
1177 1458 1336 1487 convento
1361 1465 1378 1487 e
1398 1464 1460 1496 per
1481 1464 1555 1487 esso
1592 1455 1719 1487 all’ora
1744 1455 1878 1496 defunto
1897 1455 1987 1496 frate

170 1516 314 1548 Lorenzo
340 1516 383 1548 da
408 1516 527 1554 ΒίεΙΙα,
564 1517 607 1548 da
644 1525 686 1548 un
723 1517 907 1549 Francesco
944 1517 984 1549 de
1027 1517 1155 1556 Vuclu's,
1192 1527 1252 1549 con
1289 1520 1356 1549 alto
1394 1520 1510 1558 rogato
1536 1518 1578 1549 dcl
1606 1516 1693 1550 Gian
1736 1517 1896 1550 Glacomo
1924 1517 1988 1550 Ca-

171 1579 286 1610 nevari
301 1576 363 1619 (1).

225 1736 256 1760 <ll
275 1736 300 1757 Α1
316 1735 461 1757 2010111111ιί0
484 1742 526 1757 con
551 1737 602 1757 atto
627 1736 648 1757 di
674 1736 732 1757 Crian
757 1737 885 1758 Francesco
910 1736 1002 1763 Porzio,
1018 1743 1051 1758 ra-

174 1779 262 1802 dunato
277 1781 291 1801 il
307 1780 415 1806 Capitolo
431 1781 452 1801 di
468 1780 491 1802 S.
514 1780 635 1806 Mosnota,
659 1781 688 1801 de
710 1781 820 1802 mandato
841 1781 927 1802 domini
944 1781 1048 1807 magistri

175 1824 281 1846 Iohannis
296 1825 324 1846 de
339 1825 446 1846 Cavaciis
471 1825 499 1846 de
523 1825 676 1851 Carmagnola
693 1825 788 1851 Prroris,
813 1826 834 1846 in
856 1826 891 1847 cui
916 1831 987 1847 erano
1003 1832 1049 1847 rna-

173 1870 245 1895 gister
260 1870 443 1896 Miclielangelus
467 1870 495 1891 de
511 1870 580 1891 Petra
596 1872 618 1891 et
634 1870 718 1891 iratres
734 1870 847 1892 lohannes
863 1870 943 1892 Gallus
967 1872 990 1892 et
1005 1871 1050 1892 Au-

176 1914 283 1939 gustinus
299 1914 326 1935 de
343 1915 455 1939 Locarno,
475 1914 512 1940 pisi
529 1915 550 1935 di
567 1914 612 1935 due
628 1915 684 1935 terzi
701 1914 737 1936 del
753 1915 862 1941 Capitolo
879 1921 919 1941 per
934 1915 1053 1937 l'assenza

177 1958 236 1983 degli
251 1959 303 1979 altri
319 1958 381 1984 irati,
397 1960 435 1985 qui
453 1959 554 1980 residere
571 1965 614 1980 non
631 1961 739 1985 possunt,
756 1960 777 1980 in
793 1960 899 1986 predicto
910 1961 1053 1981 monasterio

179 2004 275 2028 propter
291 2003 349 2023 bella
365 2004 388 2024 01
405 2003 526 2024 maximam
551 2005 670 2029 penuriam
696 2004 811 2030 vigentem
828 2005 849 2025 in
865 2004 965 2026 Civitate
982 2004 1052 2031 Papie

178 2047 201 2066 et
216 2047 265 2067 tota
282 2046 353 2070 ltalia,
370 2047 383 2067 il
399 2047 477 2067 Priore
493 2053 596 2073 propone
612 2048 631 2068 la
648 2049 741 2069 vendita
757 2049 778 2068 di
795 2054 824 2069 un
840 2054 910 2069 censo
925 2049 946 2069 di
962 2049 1002 2070 lire
1013 2049 1053 2070 im-

179 2090 258 2115 periali
277 2091 299 2111 12
314 2097 325 2111 e
341 2091 400 2111 soldi
419 2091 449 2116 16,
465 2091 486 2111 di
502 2092 538 2112 cui
554 2092 574 2112 la
593 2092 653 2112 meta
664 2098 692 2113 va
704 2092 905 2118 aiReligiosidiS.
916 2093 1051 2119 Tommas0,

178 2135 219 2155 che
235 2134 254 2155 si
271 2140 329 2160 paea
345 2135 397 2159 ogni
413 2141 473 2155 :inno
488 2136 508 2155 al
525 2138 640 2156 convento
656 2141 696 2161 per
712 2142 756 2157 una
772 2142 825 2157 casa
842 2137 862 2157 in
879 2138 1013 2162 parroechia
1029 2138 1050 2158 di

179 2178 201 2199 S.
218 2179 367 2199 Burtolomeo
381 2180 402 2199 al
419 2179 500 2203 Ponte,
525 2180 563 2200 ubi
588 2180 679 2200 solebat
694 2180 742 2201 lieri
758 2180 846 2201 datium
870 2182 1012 2202 merchancie
1027 2182 1048 2202 in

178 2223 272 2244 civitate
299 2223 369 2249 l‘apie
394 2224 422 2244 ad
447 2223 534 2244 dictum
552 2224 660 2248 Pontem:
676 2225 797 2245 attesoclie
813 2225 818 2245 i
835 2225 942 2251 Religiosi
958 2227 1012 2246 sunt
1028 2226 1049 2246 in

179 2268 276 2289 maxima
301 2269 450 2293 necessitate,
474 2270 579 2293 egestate
595 2270 616 2289 et
633 2270 772 2294 paupertate
787 2271 809 2290 et
826 2269 888 2295 quod
905 2275 949 2290 non
965 2270 1049 2290 habent

180 2312 240 2332 unde
264 2313 340 2333 vivere
365 2313 455 2338 possint
472 2314 493 2333 et
510 2313 588 2333 debita
613 2319 652 2338 per
675 2319 715 2333 eos
737 2315 856 2334 eontracta
881 2314 1050 2339 persolverem

179 2358 229 2378 1010
245 2363 286 2378 nec
301 2358 322 2377 in
339 2359 404 2383 parte
420 2359 516 2383 propter
531 2358 645 2378 horrenda
662 2357 720 2378 bell-¹1
737 2359 758 2378 et
776 2358 896 2378 maximnm
908 2358 1053 2384 penuriam..

178 2406 205 2422 ac
221 2402 331 2422 maximas
347 2407 462 2427 expensas
478 2402 574 2422 nnlitnm
591 2404 614 2422 et
629 2402 727 2422 aliorum
753 2408 847 2423 onerum
864 2408 1014 2423 occursorum
1031 2404 1053 2423 et

178 2446 348 2466 occurrentium
365 2446 386 2466 in
402 2446 496 2467 civitate
513 2446 591 2472 l'upie.
609 2446 663 2467 ltent
680 2447 787 2472 exposuit
813 2447 875 2472 quotl
892 2446 953 2467 dictu
969 2447 1053 2467 domus

180 2495 221 2515 pro
238 2491 317 2511 niuiori
333 2492 399 2516 parte
414 2490 456 2511 fuit
472 2493 493 2511 et
509 2493 545 2511 est
561 2493 657 2516 propter
672 2491 730 2512 bella
747 2493 768 2512 et
784 2491 928 2512 incursiones
943 2497 970 2512 ac
985 2491 1056 2517 depo-

180 2535 311 2561 pulationes
326 2535 427 2556 civitatis
444 2535 514 2561 Papio
536 2535 667 2561 devastata,
690 2536 813 2556 combusta
829 2537 850 2556 et
866 2536 896 2556 :td
912 2536 1000 2556 ruinani
1016 2536 1054 2557 dc-

180 2579 276 2600 ductm.
293 2579 399 2605 Propone
415 2580 494 2605 quindi
511 2581 530 2600 la
546 2581 610 2601 detta
627 2580 719 2601 vendita
730 2581 751 2601 ai
763 2580 845 2601 fratem
861 2581 999 2601 'l'rovarnnla
1015 2586 1056 2606 per

181 2623 220 2644 lire
237 2624 281 2645 128.
298 2624 312 2644 11
328 2624 437 2650 capitolo
458 2630 563 2650 approva
587 2625 606 2645 la
632 2627 753 2651 proposta,
776 2626 839 2646 salv-'l
856 2626 1054 2651 l'approvazione

181 2668 216 2689 dei
231 2669 353 2695 superiori.
371 2669 400 2690 Lo
416 2671 493 2690 stesso
509 2669 617 2695 Capitoto
642 2670 703 2690 tiene
719 2671 723 2690 i
740 2670 785 2691 due
800 2671 851 2691 :iltri
868 2671 957 2691 trattati
975 2676 1014 2696 per
1030 2670 1051 2690 lo

181 2714 258 2733 stesso
273 2715 368 2738 oggetto
384 2714 397 2734 il
413 2714 493 2738 giorno
509 2714 531 2734 21
550 2720 561 2734 e
577 2715 590 2734 il
606 2715 686 2739 giorno
702 2714 728 2734 22
743 2714 855 2739 lebhrnio,
867 2715 961 2740 quando
971 2715 991 2735 111
1003 2720 1055 2735 ven—

182 2756 229 2778 dita
244 2757 256 2778 e
271 2758 401 2779 enenuaia.

235 2801 358 2823 Parimenti
374 2803 395 2823 10
411 2805 488 2823 stesso
512 2803 593 2828 giorno
617 2809 660 2824 con
675 2805 726 2824 atto
742 2804 762 2824 111
779 2804 836 2824 Gian
859 2803 960 2825 Battista
976 2804 1053 2825 Scim-

182 2846 228 2867 tico
243 2847 357 2868 radunato
369 2848 390 2867 lo
405 2849 482 2868 stesso
498 2847 606 2874 Capitolo
622 2848 643 2868 di
659 2848 682 2869 Si
699 2848 818 2874 Mostiola,
830 2849 843 2869 il
857 2848 933 2869 Priore
949 2848 1054 2870 inconsi-

181 2889 261 2912 derate
276 2891 317 2912 che
333 2893 429 2917 propter
451 2892 510 2913 bella
532 2892 632 2918 vigentia
655 2894 676 2913 01
700 2899 745 2918 que
767 2893 876 2914 continue
892 2893 1014 2919 viguerunt
1030 2893 1051 2913 in

180 2940 236 2961 agro
252 2937 332 2956 nostro
348 2936 452 2962 papiensi
468 2938 490 2957 et
506 2937 574 2957 etiam
591 2937 612 2957 in
628 2937 731 2962 predicta
742 2937 836 2958 civitate
846 2938 951 2958 acutiam
962 2937 1055 2958 tandem

1107 1739 1203 1763 propter
1219 1737 1341 1758 orrendam
1367 1737 1434 1758 nimis
1458 1738 1619 1763 captivitatem
1635 1739 1657 1758 et
1673 1737 1881 1763 depopulacionem
1904 1739 1983 1759 nostre

1103 1782 1205 1803 civitatis
1221 1788 1266 1808 que
1281 1781 1342 1803 facta
1357 1782 1400 1803 fuit
1415 1782 1443 1803 de
1459 1788 1538 1803 mense
1553 1782 1657 1803 octobris
1673 1782 1776 1808 proxime
1792 1783 1895 1809 preteriti
1911 1784 1933 1803 et
1949 1788 1983 1803 se-

1102 1826 1203 1847 eundum
1220 1832 1288 1852 quam
1305 1827 1381 1847 omnia
1393 1827 1534 1848 monasteria
1550 1827 1611 1848 dicte
1627 1827 1729 1848 civitatis
1739 1828 1761 1848 et
1775 1827 1834 1848 inter
1848 1829 1926 1848 cetera
1937 1833 1984 1848 mo-

1105 1872 1232 1892 nasterium
1248 1872 1291 1892 lloc
1306 1873 1411 1892 nostrum
1427 1873 1508 1892 sancte
1533 1872 1645 1892 Mustiole
1670 1872 1763 1897 penitus
1778 1873 1801 1892 et
1817 1872 1838 1892 in
1855 1873 1929 1892 toturn
1945 1871 1983 1892 de-

1109 1916 1221 1942 populata
1236 1915 1337 1939 fuerunt,
1353 1916 1437 1937 nedum
1454 1916 1562 1936 omnibus
1578 1916 1645 1937 bouis
1659 1916 1689 1936 ad
1705 1922 1772 1937 usum
1789 1918 1811 1937 et
1826 1916 1935 1937 alimenta
1945 1922 1983 1937 no-

1107 1962 1164 1986 stra,
1180 1960 1221 1981 sed
1236 1962 1258 1981 et
1274 1961 1342 1981 etiarn
1359 1961 1467 1981 omnibus
1483 1961 1633 1986 paramentis,
1646 1961 1752 1981 vestibus
1763 1962 1785 1981 et
1796 1961 1848 1981 aliis
1863 1961 1983 1986 deputatis

1107 2005 1137 2025 ad
1152 2005 1331 2026 celebrationem
1347 2005 1468 2026 missarum
1485 2007 1507 2026 et
1523 2005 1653 2026 otlicioruni
1669 2005 1838 2031 depopulatum
1861 2004 1912 2030 11111,
1929 2005 1984 2025 111111-

1107 2050 1178 2075 taque
1194 2051 1216 2070 et
1231 2050 1310 2075 gravia
1326 2050 1484 2070 contraximus
1508 2049 1587 2070 debita
1604 2055 1645 2075 pro
1661 2049 1793 2070 necessario
1815 2049 1876 2070 victu
1894 2051 1982 2073 nostro,

1107 2099 1206 2119 quorum
1222 2093 1390 2114 satisfactionis
1405 2094 1455 2114 dies
1471 2096 1492 2114 et
1509 2096 1602 2119 tempus
1626 2094 1711 2114 iamdiu
1728 2093 1832 2119 preteriit
1849 2094 1869 2114 in
1885 2094 1982 2119 diesque

1105 2138 1206 2163 graviter
1222 2140 1244 2159 et
1260 2138 1348 2159 diutius
1373 2138 1523 2159 molestamur
1539 2144 1551 2158 a
1567 2138 1723 2159 creditoribus
1747 2143 1789 2163 pro
1814 2143 1894 2158 eorum
1910 2138 1983 2158 credi-

1104 2184 1180 2202 torum
1195 2182 1364 2205 satisfactione,
1381 2183 1496 2208 nichilque
1512 2183 1605 2203 omnino
1620 2184 1729 2207 superest
1745 2183 1766 2202 in
1783 2182 1851 2202 doino
1867 2184 1889 2202 et
1906 2188 1983 2203 mona-

1104 2226 1175 2246 sterio
1191 2228 1272 2247 nostro
1287 2232 1314 2247 ex
1330 2232 1376 2252 quo
1392 2226 1460 2247 dictis
1476 2226 1631 2247 creditoribus
1656 2226 1742 2247 nostris
1758 2225 1894 2246 satisfacere
1910 2231 1983 2251 possi-

1105 2276 1164 2295 mus,
1181 2270 1289 2296 nullaque
1305 2271 1371 2290 nohis
1386 2271 1430 2291 alia
1446 2272 1554 2296 superest
1569 2275 1625 2296 spes
1640 2271 1661 2291 et
1679 2270 1762 2291 modus
1777 2270 1882 2295 exigendi
1898 2270 1928 2291 ab
1943 2270 1982 2290 ali-

1106 2315 1191 2340 quibus
1206 2314 1352 2335 debitoribus
1367 2317 1389 2335 et
1405 2315 1546 2335 tictabilibus
1561 2315 1655 2335 nostris.
1682 2314 1789 2340 Propone
1806 2314 1883 2340 percio
1899 2315 1919 2335 la
1931 2320 1983 2335 vcn-

1109 2358 1155 2379 dita
1172 2359 1193 2379 111
1208 2359 1234 2379 30
1249 2360 1351 2384 pertiche
1367 2359 1388 2379 di
1405 2360 1465 2379 terra
1481 2359 1502 2379 in
1518 2359 1614 2384 Spessn,
1629 2365 1641 2379 a
1659 2359 1800 2379 Beruardino
1826 2359 1885 2379 lorio
1901 2364 1942 2384 per
1956 2359 1983 2380 30

1108 2403 1173 2424 scudi
1189 2403 1269 2424 d'oro.
1287 2404 1301 2423 ll
1317 2403 1426 2429 Capitolo
1441 2409 1546 2429 approva
1563 2409 1603 2429 per
1619 2404 1639 2424 la
1656 2404 1728 2429 prima
1745 2404 1816 2424 volta.
1834 2404 1863 2424 La
1881 2403 1983 2424 second-a

1107 2448 1280 2473 approvazione
1296 2448 1308 2468 ‘e
1323 2447 1377 2468 data
1393 2448 1407 2468 il
1423 2448 1503 2473 giorno
1519 2448 1590 2473 dopo,
1606 2448 1627 2468 la
1642 2450 1706 2468 terza
1722 2448 1735 2468 il
1751 2448 1776 2469 23
1791 2447 1904 2473 tebbraio,
1920 2447 1982 2473 dopo

1111 2492 1132 2512 di
1148 2493 1189 2513 che
1204 2492 1263 2513 nello
1279 2494 1356 2513 stesso
1371 2492 1452 2518 giorno
1468 2492 1486 2513 si
1503 2492 1523 2513 la
1539 2493 1559 2512 ln
1576 2492 1668 2513 vendita
1684 2492 1796 2513 ettettiva.

1162 2536 1195 2557 Da
1212 2542 1241 2557 un
1256 2538 1306 2557 atto
1330 2537 1499 2558 d'investitura
1524 2537 1651 2557 novennale
1674 2537 1696 2557 d'
1707 2543 1750 2557 una
1772 2537 1840 2563 vigna
1856 2537 1877 2557 di
1892 2537 1919 2557 50
1934 2542 1984 2562 per-

1111 2581 1170 2602 110110
1185 2581 1207 2602 111
1222 2582 1326 2602 Valbona
1342 2581 1377 2602 del
1393 2581 1541 2606 Siccomario,
1563 2583 1644 2607 rogato
1659 2581 1680 2601 ai
1699 2582 1720 2602 14
1737 2587 1815 2602 marzo
1833 2581 1882 2602 1528
1897 2581 1925 2601 da
1941 2581 1983 2602 Ge⁴

1109 2626 1196 2646 rolamo
1215 2625 1271 2651 Rho,
1289 2626 1360 2651 ligura
1377 2626 1397 2646 in
1413 2625 1436 2647 S.
1452 2626 1563 2646 Mostiola
1579 2626 1651 2646 anche
1672 2625 1743 2646 trater
1764 2625 1871 2646 Clemens
1886 2625 1914 2646 de
1930 2625 1985 2646 Fos-

1107 2672 1167 2696 satu,
1183 2671 1224 2691 elie
1240 2676 1277 2691 era
1294 2670 1464 2691 ttsulruttuario
1479 2670 1667 2692 dell'accennata
1683 2671 1750 2696 vigna
1767 2671 1862 2691 insieme
1877 2671 1911 2691 col
1925 2676 1984 2690 mae<

1110 2717 1159 2736 stro
1174 2716 1232 2736 frate
1248 2715 1416 2741 Michelangelo
1433 2715 1516 2736 Pietra.

1158 2760 1207 2785 Agli
1222 2760 1235 2780 8
1249 2760 1321 2785 aprile
1337 2760 1358 2779 in
1374 2765 1403 2780 1111
1418 2761 1470 2780 atto
1485 2759 1655 2780 d'investitum
1671 2759 1692 2780 di
1709 2759 1776 2785 vigne
1792 2759 1812 2779 in
1829 2758 1851 2779 S⁴
1868 2759 1977 2780 Giuletta.

1109 2806 1190 2829 rogato
1205 2804 1233 2824 da
1250 2803 1306 2824 Gian
1323 2803 1401 2824 Pietro
1417 2803 1494 2829 Reina,
1510 2804 1624 2824 troviamo
1640 2804 1681 2824 che
1693 2803 1705 2824 il
1717 2803 1826 2829 Capitolo
1837 2803 1848 2823 ‘e
1859 2804 1982 2828 composto

1107 2849 1179 2869 anche
1192 2848 1214 2868 di
1229 2848 1299 2869 trater
1322 2847 1396 2868 David
1412 2848 1440 2869 de
1457 2847 1528 2874 Papia
1544 2853 1555 2869 e
1571 2848 1592 2868 di
1608 2847 1679 2869 irater
1702 2848 1816 2868 lohannes
1838 2847 1981 2872 Augustinus

1107 2893 1135 2913 de
1151 2892 1277 2917 Mandello,
1293 2892 1306 2912 1Ι
1323 2892 1391 2918 quale
1405 2892 1426 2913 ai
1442 2893 1454 2913 5
1469 2892 1490 2912 di
1507 2896 1606 2918 tnagglo,
1618 2897 1661 2913 con
1672 2893 1723 2912 atto
1739 2891 1799 2912 dello
1815 2893 1892 2912 stesso
1904 2890 1981 2912 Reum.

1111 2938 1122 2957 e
1138 2937 1210 2957 eletto
1227 2936 1379 2958 Procuratore
1394 2936 1430 2957 del
1446 2936 1575 2958 Convento.

1954 3066 1980 3085 20
