2305 3407
283 122 349 160 280

368 266 514 298 Quorum
541 262 830 303 pignorandorum
857 263 993 294 nomina
1019 265 1096 294 sunt
1131 263 1210 294 hec:

368 321 539 356 Consules
564 324 702 364 paratici
729 322 900 356 Sartorum
928 325 968 356 de
993 328 1024 356 et
1050 334 1109 365 pro
1134 325 1273 357 florenis
1298 325 1405 356 tribus
1432 327 1563 357 monete
1588 327 1620 357 et
1645 325 1760 357 torciis
1786 325 1893 357 tribus
1925 333 1999 356 cere
2025 324 2100 356 albe

281 385 442 425 ponderis
468 385 549 416 libre
576 386 675 417 unius
695 395 754 426 pro
779 386 924 427 singula,
952 396 1011 427 pro
1037 387 1210 418 oblatione
1237 387 1312 418 festi
1339 386 1371 419 S.
1399 386 1513 424 izoem,
1539 386 1640 418 Beate
1666 386 1773 418 Marie
1809 389 1841 418 et
1878 385 1991 419 Sancti
2030 385 2098 417 Au-

279 447 404 487 gustini
431 447 471 478 de
498 455 613 479 mense
640 447 782 489 Augusti
811 449 990 488 presentis.

368 507 538 541 Consules
564 511 702 550 paratici
730 510 925 547 Nautaruin‚
953 511 1051 548 idem,
1078 512 1176 543 idem.

368 570 538 604 Consules
564 573 701 613 paratici
730 573 984 605 Molinarioruin
1010 574 1052 605 de
1077 577 1108 605 et
1134 583 1194 614 pro
1220 574 1348 606 floreno
1375 583 1440 606 uno
1467 577 1598 606 monete
1624 577 1655 606 et
1681 575 1783 606 torcia
1811 583 1875 605 una
1911 582 1984 605 cere
2021 573 2096 605 albe

279 635 440 674 ponderis
465 635 546 667 libre
573 636 683 673 unius,
710 645 769 676 pro
795 636 971 667 oblacione
997 635 1109 668 Sancti
1137 636 1315 678 Augustini
1342 637 1383 669 de
1409 645 1522 669 mense
1547 638 1681 678 augusti
1708 638 1886 678 presentis.

368 696 537 729 Consules
564 698 702 738 paratici
731 697 1008 729 Barbitonsorum
1036 699 1076 730 de
1102 702 1131 730 et
1158 709 1219 740 pro
1243 699 1372 731 floreno
1399 709 1465 731 uno
1492 702 1624 731 monete
1650 703 1680 731 et
1707 701 1810 731 torcia
1838 708 1913 738 una,
1950 702 2012 731 etc.
2039 708 2100 740 pro

278 759 448 790 oblatione
475 758 586 791 Sancti
614 759 793 800 Augustini
820 760 861 791 de
888 769 1002 792 mense
1030 760 1172 801 Augusti
1200 762 1376 801 presentis.

1027 987 1349 1028 CMLXXV.

365 1096 391 1123 Il
419 1095 582 1132 Capitolo
608 1097 642 1124 di
669 1096 702 1125 S.
729 1096 841 1124 Paolo
867 1097 987 1132 elegge
1013 1097 1079 1125 due
1104 1097 1329 1126 Procuratori
1354 1106 1372 1126 e
1398 1098 1442 1126 da
1468 1098 1502 1126 in
1528 1098 1641 1127 affitto
1672 1098 1682 1126 i
1718 1099 1797 1127 beni
1834 1098 1868 1127 di
1905 1098 2099 1135 Calignano

277 1175 295 1194 e
322 1166 497 1195 Roncaro.

873 1290 1036 1321 1360,
1073 1291 1423 1323 settembre,
1462 1291 1514 1316 2.

840 1379 918 1399 iArcli.
936 1378 1017 1399 Notus.
1034 1379 1056 1399 di
1074 1378 1144 1399 Pavia
1161 1390 1185 1392 e
1202 1378 1250 1399 Atti
1266 1379 1288 1399 di
1304 1378 1381 1400 Guido
1396 1379 1532 1405 Mangano).

523 1550 646 1581 (limato
672 1550 695 1581 il
720 1549 873 1591 Capitolo
899 1551 933 1582 <ii
957 1550 988 1583 S.
1015 1550 1132 1587 Paolo,
1160 1551 1201 1582 de
1229 1551 1387 1583 mandato
1403 1577 1408 1582 .
1424 1577 1451 1582 ..
1479 1551 1606 1582 domini
1632 1551 1743 1584 fratris
1769 1551 1875 1584 Tome
1901 1553 1941 1584 de
1968 1552 2100 1584 Medio-

515 1634 516 1638 ,
545 1612 688 1644 lano...
716 1611 854 1649 Prioris,
879 1613 911 1644 in
937 1614 990 1644 cui
1013 1622 1112 1644 erano
1149 1613 1252 1645 anche
1289 1614 1416 1645 domini
1455 1613 1574 1645 fratres
1610 1613 1756 1655 Prosper
1793 1615 1834 1646 de
1871 1613 2101 1647 Castenedulo

544 1676 701 1709 vicarius.
728 1675 930 1707 Ambrosius
956 1676 997 1707 de
1024 1675 1161 1713 Bozolo,
1187 1674 1366 1708 Candidus
1391 1677 1431 1707 de
1457 1675 1653 1709 Pontevico.
1680 1677 1894 1709 Hieronimus
1913 1678 1953 1709 de
1971 1677 2105 1710 Medio-

348 1540 464 1653 Α

277 1738 352 1769 lano
379 1741 409 1769 et
436 1738 644 1778 Areangelus
670 1738 710 1769 de
736 1736 854 1775 como,
881 1741 1219 1778 representantes...
1247 1739 1344 1778 quasi
1372 1742 1476 1770 totum
1503 1742 1533 1770 et
1559 1740 1722 1780 integrum
1741 1740 1936 1780 capitulum,
1962 1741 1993 1772 si
2015 1740 2103 1781 eleg-

272 1808 362 1839 gono
389 1801 400 1831 i
423 1800 515 1831 Frall
543 1800 719 1831 Tommaso
745 1800 787 1831 da
814 1800 940 1831 Milano
966 1809 982 1831 e
1007 1800 1187 1840 Ambrogio
1213 1801 1255 1832 ila
1282 1801 1442 1839 BozzoIo,
1463 1802 1671 1842 procuratori
1694 1802 1748 1833 del
1771 1805 1938 1834 convento.
1978 1802 2042 1834 Pol·
2073 1803 2104 1834 si

275 1862 385 1893 (lcinno
410 1863 442 1893 in
467 1862 575 1902 afsitto
601 1862 758 1893 triennale
783 1871 803 1893 a
829 1862 1040 1894 cholomeo
1073 1863 1196 1898 Vecclu',
1223 1863 1258 1894 di
1281 1862 1446 1901 Romam,
1472 1865 1545 1895 tutti
1568 1865 1579 1895 ι’
1615 1863 1690 1895 beni
1713 1864 1767 1895 del
1802 1866 1960 1896 convento
1992 1865 2047 1896 siti
2070 1865 2102 1896 in

279 1923 466 1963 Calignano
503 1925 545 1956 ed
568 1925 599 1955 in
625 1924 789 1962 Roncam,
815 1925 1088 1956 dell'estensione
1113 1925 1148 1956 <ii
1171 1926 1257 1956 circa
1286 1926 1349 1957 162
1367 1926 1523 1966 perticlze,
1545 1935 1606 1966 per
1627 1926 1741 1958 sacclii
1780 1927 1821 1957 12
1854 1926 1889 1958 a'i
1922 1927 2047 1967 segale,
2088 1927 2107 1958 7

277 1987 311 2017 cli
328 1986 506 2026 frumento,
531 1988 577 2018 42
600 1987 708 2018 brente
734 1988 768 2018 lli
794 1988 877 2024 vino,
903 1996 968 2018 aaa
993 1996 1088 2018 soma
1120 1988 1155 2018 cli
1189 1996 1304 2023 avena,
1343 1988 1405 2019 (lae
1441 1989 1526 2020 misle
1562 1989 1597 2020 di
1631 1989 1700 2020 ceci
1733 1997 1750 2020 e
1785 1991 1914 2029 qaatiro
1950 1989 2035 2021 'nine
2071 1989 2106 2020 di

278 2049 403 2088 miglia,
429 2052 490 2080 etc.
515 2048 577 2088 (1).

334 2208 363 2228 lli
379 2207 404 2227 Αἰ
420 2208 431 2226 4
447 2207 541 2227 ottobre
555 2207 612 2231 1500,
629 2207 650 2227 lo
665 2209 743 2227 stesso
755 2208 866 2232 capitolo,
879 2208 899 2227 in
911 2208 946 2228 cui
958 2207 1050 2228 &ancile
1060 2207 1086 2228 ir.
1097 2208 1166 2233 Apol-

281 2252 356 2271 lonius
372 2251 399 2271 tle
415 2251 557 2275 Mediolano.
574 2257 616 2272 con
632 2255 682 2272 atto
698 2251 719 2272 di
736 2251 847 2272 Giacomo
860 2252 950 2272 Amarea
963 2252 1069 2276 Boldoui,
1087 2253 1162 2273 riceve

284 2296 306 2316 12
321 2296 396 2316 S-lcclli
413 2296 434 2316 di
451 2296 536 2321 segalo,
552 2297 564 2317 5
580 2296 600 2316 di
618 2296 741 2321 fruniento,
758 2297 797 2317 lire
816 2297 851 2316 144
866 2297 988 2322 imperiali,
1013 2297 1074 2320 vino,
1098 2297 1163 2321 legii-’1

282 2347 327 2361 vce.
345 2346 384 2366 per
401 2343 541 2366 pagamento
557 2341 578 2361 di
594 2340 662 2361 atlitn
678 2342 787 2361 arretrati
803 2341 949 2366 posessionis
960 2343 981 2361 ct
994 2342 1107 2362 bonorum
1120 2347 1169 2367 pre—

282 2385 321 2406 inti
339 2386 472 2406 monasterii
488 2386 586 2406 sitorum
602 2386 623 2406 in
639 2387 690 2406 loco
707 2389 728 2407 ct
745 2386 862 2406 territorio
877 2386 997 2410 Calignani
1021 2389 1042 2407 ct
1059 2386 1165 2412 Roncari,

282 2433 383 2450 investiti
400 2436 419 2450 111
437 2430 519 2450 Vecelli
537 2431 572 2450 nel
591 2431 639 2451 1557
654 2431 674 2450 ai
691 2430 716 2450 22
724 2432 818 2451 ottolire
834 2436 876 2450 con
892 2432 943 2451 atto
955 2432 1037 2455 rogato
1049 2430 1076 2451 da
1087 2430 1163 2451 (luido

283 2474 304 2494 Μ
312 2480 402 2496 ,nuzino

1274 2208 1299 2228 Ai
1315 2208 1327 2228 7
1343 2209 1470 2229 novembre
1487 2208 1544 2232 1560,
1561 2213 1603 2229 con
1628 2208 1768 2228 istrumento
1790 2208 1812 2228 di
1837 2207 1913 2229 Guido
1935 2207 2062 2233 Mangano,
2077 2208 2100 2229 lo

1218 2255 1296 2273 stesso
1321 2253 1423 2278 capitolo
1446 2252 1474 2272 da
1499 2253 1520 2272 in
1545 2252 1623 2273 aiiitto
1647 2257 1687 2278 per
1712 2255 1746 2272 tre
1772 2252 1825 2272 anni
1841 2252 1862 2272 al
1885 2252 1962 2272 nobile
1983 2251 2100 2273 Galeazzo

1221 2297 1343 2318 Fiamberti
1360 2297 1395 2318 del
1412 2297 1434 2317 iu
1445 2296 1570 2318 Gunitorto
1591 2297 1673 2318 alcune
1689 2298 1750 2317 terre
1773 2297 1794 2317 in
1810 2296 1904 2322 Turago
1924 2296 2040 2322 Bordonc,
2055 2296 2101 2318 del-

1224 2342 1381 2362 l'estensione
1397 2342 1418 2362 di
1436 2342 1538 2367 penichc
1564 2341 1601 2362 110
1623 2341 1763 2366 nll'incirca,
1789 2347 1829 2367 per
1852 2340 1955 2362 l'aiiitto
1978 2346 2056 2361 annuo
2078 2341 2099 2361 di

1222 2387 1312 2411 moggi-'l
1328 2386 1340 2407 9
1355 2386 1376 2406 di
1393 2386 1517 2411 frumento,
1533 2386 1625 2411 moggia
1641 2391 1700 2406 nove
1716 2386 1738 2406 di
1753 2385 1840 2412 segale,
1856 2385 1948 2411 moggia
1963 2385 2008 2406 due
2024 2385 2046 2405 di
2062 2385 2101 2405 mi-

1218 2431 1273 2456 glio,
1290 2436 1334 2451 una
1350 2436 1415 2451 soum
1432 2431 1453 2451 ‹li
1469 2436 1551 2456 avenn,
1570 2431 1606 2451 150
1621 2430 1676 2451 fasci
1692 2430 1714 2450 di
1729 2430 1796 2455 lcgna
1821 2436 1832 2450 e
1855 2430 1936 2450 brente
1960 2431 2056 2456 quattro
2077 2429 2099 2450 di

1217 2475 1271 2495 vino
1287 2481 1355 2496 rosso
