<?xml version="1.0" encoding="UTF-8"?>
<!DOCTYPE html PUBLIC "-//W3C//DTD XHTML 1.0 Transitional//EN"
    "http://www.w3.org/TR/xhtml1/DTD/xhtml1-transitional.dtd">
<html xmlns="http://www.w3.org/1999/xhtml" xml:lang="en" lang="en">
 <head>
  <title>
</title>
<meta http-equiv="Content-Type" content="text/html;charset=utf-8" />
  <meta name='ocr-system' content='tesseract 3.04.00' />
  <meta name='ocr-capabilities' content='ocr_page ocr_carea ocr_par ocr_line ocrx_word'/>
</head>
<body>
  <div class='ocr_page' id='page_1' title='image "./codexdiplomaticu03maiouoft_0201.png"; bbox 0 0 2305 3407; ppageno 0'>
   <div class='ocr_carea' id='block_1_1' title="bbox 1937 181 1996 211">
    <p class='ocr_par' dir='ltr' id='par_1_1' title="bbox 1937 181 1996 211">
     <span class='ocr_line' id='line_1_1' title="bbox 1937 181 1996 211; baseline -0.017 0"><span class='ocrx_word' id='word_1_1' title='bbox 1937 181 1996 211; x_wconf 82' lang='lat'>137</span> 
     </span>
    </p>
   </div>
   <div class='ocr_carea' id='block_1_2' title="bbox 962 366 1217 407">
    <p class='ocr_par' dir='ltr' id='par_1_2' title="bbox 962 366 1217 407">
     <span class='ocr_line' id='line_1_2' title="bbox 962 366 1217 407; baseline -0.012 0"><span class='ocrx_word' id='word_1_2' title='bbox 962 366 1217 407; x_wconf 91' lang='lat' dir='ltr'>DCCCIX.</span> 
     </span>
    </p>
   </div>
   <div class='ocr_carea' id='block_1_3' title="bbox 273 475 1363 602">
    <p class='ocr_par' dir='ltr' id='par_1_3' title="bbox 273 475 1363 602">
     <span class='ocr_line' id='line_1_3' title="bbox 273 475 1262 512; baseline -0.001 -9"><span class='ocrx_word' id='word_1_3' title='bbox 273 475 445 511; x_wconf 87' lang='lat' dir='ltr'>Religiosi</span> <span class='ocrx_word' id='word_1_4' title='bbox 471 476 681 511; x_wconf 82' lang='lat' dir='ltr'>agostiniani</span> <span class='ocrx_word' id='word_1_5' title='bbox 707 476 883 512; x_wconf 86' lang='lat' dir='ltr'>promossi</span> <span class='ocrx_word' id='word_1_6' title='bbox 910 476 980 511; x_wconf 86' lang='lat' dir='ltr'>agli</span> <span class='ocrx_word' id='word_1_7' title='bbox 1006 475 1130 504; x_wconf 86' lang='lat' dir='ltr'>Ordini</span> <span class='ocrx_word' id='word_1_8' title='bbox 1156 475 1262 503; x_wconf 86' lang='lat' dir='ltr'>sacri.</span> 
     </span>
     <span class='ocr_line' id='line_1_4' title="bbox 824 570 1363 602; baseline -0.004 -7"><span class='ocrx_word' id='word_1_9' title='bbox 824 570 984 601; x_wconf 72' lang='lat'>1525,</span> <span class='ocrx_word' id='word_1_10' title='bbox 1017 570 1252 602; x_wconf 61' lang='lat' dir='ltr'>giugnmo,</span> <span class='ocrx_word' id='word_1_11' title='bbox 1286 570 1363 594; x_wconf 82' lang='lat'>10.</span> 
     </span>
    </p>
   </div>
   <div class='ocr_carea' id='block_1_4' title="bbox 676 657 1509 681">
    <p class='ocr_par' dir='ltr' id='par_1_4' title="bbox 676 657 1509 681">
     <span class='ocr_line' id='line_1_5' title="bbox 676 657 1509 681; baseline -0.002 -2"><span class='ocrx_word' id='word_1_12' title='bbox 676 658 753 679; x_wconf 64' lang='lat' dir='ltr'>«Aren.</span> <span class='ocrx_word' id='word_1_13' title='bbox 771 658 851 679; x_wconf 77' lang='lat' dir='ltr'>Notat.</span> <span class='ocrx_word' id='word_1_14' title='bbox 868 659 890 679; x_wconf 87' lang='lat' dir='ltr'>di</span> <span class='ocrx_word' id='word_1_15' title='bbox 907 658 977 679; x_wconf 80' lang='lat' dir='ltr'>Pavia</span> <span class='ocrx_word' id='word_1_16' title='bbox 993 670 1017 672; x_wconf 73' lang='lat'>—</span> <span class='ocrx_word' id='word_1_17' title='bbox 1036 658 1083 679; x_wconf 83' lang='lat' dir='ltr'>Atti</span> <span class='ocrx_word' id='word_1_18' title='bbox 1100 658 1122 678; x_wconf 82' lang='lat' dir='ltr'>di</span> <span class='ocrx_word' id='word_1_19' title='bbox 1139 657 1196 679; x_wconf 83' lang='lat' dir='ltr'>Gian</span> <span class='ocrx_word' id='word_1_20' title='bbox 1212 657 1325 678; x_wconf 81' lang='lat' dir='ltr'>Giacomo</span> <span class='ocrx_word' id='word_1_21' title='bbox 1341 657 1509 681; x_wconf 59' lang='lat' dir='ltr'>Morncavailn,</span> 
     </span>
    </p>
   </div>
   <div class='ocr_carea' id='block_1_5' title="bbox 412 829 1997 907">
    <p class='ocr_par' dir='ltr' id='par_1_5' title="bbox 412 829 1997 907">
     <span class='ocr_line' id='line_1_6' title="bbox 412 829 1997 907; baseline -0.002 -10"><span class='ocrx_word' id='word_1_22' title='bbox 412 829 415 907; x_wconf 58' lang='lat' dir='ltr'>i</span> <span class='ocrx_word' id='word_1_23' title='bbox 442 864 620 903; x_wconf 85' lang='lat' dir='ltr'>Centeiies,</span> <span class='ocrx_word' id='word_1_24' title='bbox 647 864 707 897; x_wconf 93' lang='lat' dir='ltr'>Dei</span> <span class='ocrx_word' id='word_1_25' title='bbox 733 866 838 906; x_wconf 88' lang='lat' dir='ltr'>gratia</span> <span class='ocrx_word' id='word_1_26' title='bbox 863 865 1157 905; x_wconf 84' lang='lat' dir='ltr'>archiepiscopum</span> <span class='ocrx_word' id='word_1_27' title='bbox 1183 862 1425 905; x_wconf 86' lang='lat' dir='ltr'>Craynensem,</span> <span class='ocrx_word' id='word_1_28' title='bbox 1452 864 1545 904; x_wconf 87' lang='lat' dir='ltr'>prius</span> <span class='ocrx_word' id='word_1_29' title='bbox 1573 864 1686 895; x_wconf 85' lang='lat' dir='ltr'>habita</span> <span class='ocrx_word' id='word_1_30' title='bbox 1713 864 1846 895; x_wconf 88' lang='lat' dir='ltr'>licentia</span> <span class='ocrx_word' id='word_1_31' title='bbox 1867 873 1885 895; x_wconf 82' lang='lat' dir='ltr'>a</span> <span class='ocrx_word' id='word_1_32' title='bbox 1904 873 1997 895; x_wconf 84' lang='lat' dir='ltr'>reve-</span> 
     </span>
    </p>
   </div>
   <div class='ocr_carea' id='block_1_6' title="bbox 196 738 1996 967">
    <p class='ocr_par' dir='ltr' id='par_1_6' title="bbox 196 738 1996 967">
     <span class='ocr_line' id='line_1_7' title="bbox 197 738 402 772; baseline 0.005 -31"><span class='ocrx_word' id='word_1_33' title='bbox 197 738 199 772; x_wconf 66' lang='grc' dir='ltr'>Ι</span> <span class='ocrx_word' id='word_1_34' title='bbox 222 740 239 741; x_wconf 23' lang='lat' dir='ltr'>ff</span> <span class='ocrx_word' id='word_1_35' title='bbox 259 739 402 742; x_wconf 42' lang='lat' dir='ltr'>—ffi</span> 
     </span>
     <span class='ocr_line' id='line_1_8' title="bbox 197 785 1993 920; baseline -0.001 -85"><span class='ocrx_word' id='word_1_36' title='bbox 197 785 200 920; x_wconf 53' lang='grc' dir='ltr'>ι</span> <span class='ocrx_word' id='word_1_37' title='bbox 254 790 363 908; x_wconf 83' lang='grc' dir='ltr'>Ο</span> <span class='ocrx_word' id='word_1_38' title='bbox 415 797 600 836; x_wconf 65' lang='grc' dir='ltr'>ἩΒΙΝΑΊἸΟ</span> <span class='ocrx_word' id='word_1_39' title='bbox 624 803 894 843; x_wconf 87' lang='lat' dir='ltr'>generalistenta</span> <span class='ocrx_word' id='word_1_40' title='bbox 910 812 968 843; x_wconf 88' lang='lat' dir='ltr'>per</span> <span class='ocrx_word' id='word_1_41' title='bbox 982 803 1201 834; x_wconf 89' lang='lat' dir='ltr'>reverendum</span> <span class='ocrx_word' id='word_1_42' title='bbox 1228 802 1402 833; x_wconf 78' lang='lat' dir='ltr'>dominum</span> <span class='ocrx_word' id='word_1_43' title='bbox 1429 802 1601 833; x_wconf 89' lang='lat' dir='ltr'>dominum</span> <span class='ocrx_word' id='word_1_44' title='bbox 1622 801 1802 833; x_wconf 77' lang='lat' dir='ltr'>iohannem</span> <span class='ocrx_word' id='word_1_45' title='bbox 1838 801 1993 833; x_wconf 85' lang='lat' dir='ltr'>iacobum</span> 
     </span>
     <span class='ocr_line' id='line_1_9' title="bbox 196 910 1996 967; baseline -0.002 -6"><span class='ocrx_word' id='word_1_46' title='bbox 196 921 258 967; x_wconf 3' lang='lat' dir='ltr'>igr?</span> <span class='ocrx_word' id='word_1_47' title='bbox 320 965 328 966; x_wconf 19' lang='grc' dir='ltr'><strong><em>ἶ</em></strong></span> <span class='ocrx_word' id='word_1_48' title='bbox 406 910 413 964; x_wconf 64' lang='lat' dir='ltr'>i</span> <span class='ocrx_word' id='word_1_49' title='bbox 439 928 544 960; x_wconf 91' lang='lat' dir='ltr'>rendo</span> <span class='ocrx_word' id='word_1_50' title='bbox 569 927 609 959; x_wconf 92' lang='lat' dir='ltr'>D.</span> <span class='ocrx_word' id='word_1_51' title='bbox 636 927 678 959; x_wconf 86' lang='lat'>10.</span> <span class='ocrx_word' id='word_1_52' title='bbox 706 926 836 959; x_wconf 85' lang='lat' dir='ltr'>Aiuisio</span> <span class='ocrx_word' id='word_1_53' title='bbox 862 927 903 959; x_wconf 90' lang='lat' dir='ltr'>de</span> <span class='ocrx_word' id='word_1_54' title='bbox 929 926 1089 967; x_wconf 86' lang='lat' dir='ltr'>Grampis</span> <span class='ocrx_word' id='word_1_55' title='bbox 1116 925 1293 967; x_wconf 79' lang='lat' dir='ltr'>Preposito</span> <span class='ocrx_word' id='word_1_56' title='bbox 1318 926 1460 958; x_wconf 82' lang='lat' dir='ltr'><strong>ecclesie</strong></span> <span class='ocrx_word' id='word_1_57' title='bbox 1487 927 1594 958; x_wconf 89' lang='lat' dir='ltr'>sancti</span> <span class='ocrx_word' id='word_1_58' title='bbox 1622 926 1761 958; x_wconf 80' lang='lat' dir='ltr'>inventii</span> <span class='ocrx_word' id='word_1_59' title='bbox 1794 925 1909 967; x_wconf 66' lang='lat' dir='ltr'>Fame,</span> <span class='ocrx_word' id='word_1_60' title='bbox 1941 926 1996 958; x_wconf 77' lang='lat' dir='ltr'>Vi-</span> 
     </span>
    </p>
   </div>
   <div class='ocr_carea' id='block_1_7' title="bbox 182 987 1997 2273">
    <p class='ocr_par' dir='ltr' id='par_1_7' title="bbox 182 987 1997 2273">
     <span class='ocr_line' id='line_1_10' title="bbox 182 987 1997 1031; baseline -0.003 -7"><span class='ocrx_word' id='word_1_61' title='bbox 182 993 273 1024; x_wconf 86' lang='lat' dir='ltr'>cario</span> <span class='ocrx_word' id='word_1_62' title='bbox 298 990 399 1023; x_wconf 91' lang='lat' dir='ltr'>Curie</span> <span class='ocrx_word' id='word_1_63' title='bbox 424 990 630 1031; x_wconf 88' lang='lat' dir='ltr'>episcopalis</span> <span class='ocrx_word' id='word_1_64' title='bbox 657 989 794 1030; x_wconf 83' lang='lat' dir='ltr'>Papie...</span> <span class='ocrx_word' id='word_1_65' title='bbox 820 988 998 1021; x_wconf 84' lang='lat' dir='ltr'>Ordinatio</span> <span class='ocrx_word' id='word_1_66' title='bbox 1024 990 1112 1020; x_wconf 86' lang='lat' dir='ltr'>tenta</span> <span class='ocrx_word' id='word_1_67' title='bbox 1139 989 1169 1019; x_wconf 91' lang='lat' dir='ltr'>in</span> <span class='ocrx_word' id='word_1_68' title='bbox 1196 989 1337 1020; x_wconf 86' lang='lat' dir='ltr'>ecclesia</span> <span class='ocrx_word' id='word_1_69' title='bbox 1375 989 1482 1020; x_wconf 88' lang='lat' dir='ltr'>sancti</span> <span class='ocrx_word' id='word_1_70' title='bbox 1522 987 1700 1029; x_wconf 77' lang='lat' dir='ltr'>Augustini</span> <span class='ocrx_word' id='word_1_71' title='bbox 1728 987 1868 1020; x_wconf 85' lang='lat' dir='ltr'>Ordinis</span> <span class='ocrx_word' id='word_1_72' title='bbox 1896 988 1997 1020; x_wconf 79' lang='lat' dir='ltr'>Here—</span> 
     </span>
     <span class='ocr_line' id='line_1_11' title="bbox 182 1052 478 1094; baseline -0.003 -9"><span class='ocrx_word' id='word_1_73' title='bbox 182 1054 336 1085; x_wconf 86' lang='lat' dir='ltr'>mitarum</span> <span class='ocrx_word' id='word_1_74' title='bbox 363 1052 478 1094; x_wconf 81' lang='lat' dir='ltr'>Papie.</span> 
     </span>
     <span class='ocr_line' id='line_1_12' title="bbox 274 1112 1352 1156; baseline -0.003 -9"><span class='ocrx_word' id='word_1_75' title='bbox 274 1115 322 1147; x_wconf 87' lang='lat' dir='ltr'>Ad</span> <span class='ocrx_word' id='word_1_76' title='bbox 348 1116 488 1156; x_wconf 84' lang='lat' dir='ltr'>primam</span> <span class='ocrx_word' id='word_1_77' title='bbox 515 1116 687 1146; x_wconf 81' lang='lat' dir='ltr'>tonsuram</span> <span class='ocrx_word' id='word_1_78' title='bbox 713 1116 743 1145; x_wconf 93' lang='lat' dir='ltr'>et</span> <span class='ocrx_word' id='word_1_79' title='bbox 768 1114 809 1145; x_wconf 89' lang='lat' dir='ltr'>ad</span> <span class='ocrx_word' id='word_1_80' title='bbox 837 1115 982 1154; x_wconf 89' lang='lat' dir='ltr'>quatuor</span> <span class='ocrx_word' id='word_1_81' title='bbox 1008 1113 1155 1144; x_wconf 90' lang='lat' dir='ltr'>minores</span> <span class='ocrx_word' id='word_1_82' title='bbox 1181 1112 1352 1145; x_wconf 86' lang='lat' dir='ltr'>Ordines:</span> 
     </span>
     <span class='ocr_line' id='line_1_13' title="bbox 270 1175 1654 1216; baseline -0.002 -7"><span class='ocrx_word' id='word_1_83' title='bbox 270 1178 381 1210; x_wconf 78' lang='lat' dir='ltr'>Frater</span> <span class='ocrx_word' id='word_1_84' title='bbox 406 1177 599 1209; x_wconf 88' lang='lat' dir='ltr'>Ludovicus</span> <span class='ocrx_word' id='word_1_85' title='bbox 625 1177 665 1208; x_wconf 90' lang='lat' dir='ltr'>de</span> <span class='ocrx_word' id='word_1_86' title='bbox 691 1175 879 1214; x_wconf 72' lang='lat' dir='ltr'>Cavalinis,</span> <span class='ocrx_word' id='word_1_87' title='bbox 905 1175 1045 1208; x_wconf 85' lang='lat' dir='ltr'>Ordinis</span> <span class='ocrx_word' id='word_1_88' title='bbox 1072 1175 1313 1207; x_wconf 84' lang='lat' dir='ltr'>Heremitarum</span> <span class='ocrx_word' id='word_1_89' title='bbox 1340 1176 1447 1207; x_wconf 86' lang='lat' dir='ltr'>saneti</span> <span class='ocrx_word' id='word_1_90' title='bbox 1476 1175 1654 1216; x_wconf 82' lang='lat' dir='ltr'>Augustini</span> 
     </span>
     <span class='ocr_line' id='line_1_14' title="bbox 270 1236 1792 1279; baseline -0.003 -7"><span class='ocrx_word' id='word_1_91' title='bbox 270 1240 382 1272; x_wconf 80' lang='lat' dir='ltr'>Frater</span> <span class='ocrx_word' id='word_1_92' title='bbox 408 1239 637 1271; x_wconf 84' lang='lat' dir='ltr'>Bernardinus</span> <span class='ocrx_word' id='word_1_93' title='bbox 663 1239 703 1270; x_wconf 92' lang='lat' dir='ltr'>de</span> <span class='ocrx_word' id='word_1_94' title='bbox 729 1241 847 1270; x_wconf 86' lang='lat' dir='ltr'>saneto</span> <span class='ocrx_word' id='word_1_95' title='bbox 874 1238 1014 1279; x_wconf 83' lang='lat' dir='ltr'>Angelo,</span> <span class='ocrx_word' id='word_1_96' title='bbox 1041 1237 1181 1270; x_wconf 91' lang='lat' dir='ltr'>Ordinis</span> <span class='ocrx_word' id='word_1_97' title='bbox 1207 1238 1450 1269; x_wconf 86' lang='lat' dir='ltr'>Heremitarum</span> <span class='ocrx_word' id='word_1_98' title='bbox 1477 1238 1584 1269; x_wconf 85' lang='lat' dir='ltr'>sancti</span> <span class='ocrx_word' id='word_1_99' title='bbox 1612 1236 1792 1278; x_wconf 80' lang='lat' dir='ltr'>Augustini</span> 
     </span>
     <span class='ocr_line' id='line_1_15' title="bbox 269 1299 1757 1342; baseline -0.003 -8"><span class='ocrx_word' id='word_1_100' title='bbox 269 1303 380 1334; x_wconf 81' lang='lat' dir='ltr'>Frater</span> <span class='ocrx_word' id='word_1_101' title='bbox 406 1302 607 1334; x_wconf 86' lang='lat' dir='ltr'>Franciscus</span> <span class='ocrx_word' id='word_1_102' title='bbox 633 1302 673 1333; x_wconf 88' lang='lat' dir='ltr'>de</span> <span class='ocrx_word' id='word_1_103' title='bbox 700 1304 816 1333; x_wconf 85' lang='lat' dir='ltr'>sancto</span> <span class='ocrx_word' id='word_1_104' title='bbox 843 1300 983 1342; x_wconf 90' lang='lat' dir='ltr'>Angelo,</span> <span class='ocrx_word' id='word_1_105' title='bbox 1010 1300 1149 1333; x_wconf 87' lang='lat' dir='ltr'>Ordinis</span> <span class='ocrx_word' id='word_1_106' title='bbox 1176 1301 1418 1332; x_wconf 82' lang='lat' dir='ltr'>Heremitarum</span> <span class='ocrx_word' id='word_1_107' title='bbox 1445 1300 1550 1331; x_wconf 86' lang='lat' dir='ltr'>sancti</span> <span class='ocrx_word' id='word_1_108' title='bbox 1579 1299 1757 1340; x_wconf 82' lang='lat' dir='ltr'>Augustini</span> 
     </span>
     <span class='ocr_line' id='line_1_16' title="bbox 269 1362 864 1405; baseline -0.003 -9"><span class='ocrx_word' id='word_1_109' title='bbox 269 1365 319 1396; x_wconf 91' lang='lat' dir='ltr'>Ad</span> <span class='ocrx_word' id='word_1_110' title='bbox 345 1367 490 1405; x_wconf 88' lang='lat' dir='ltr'>quatuor</span> <span class='ocrx_word' id='word_1_111' title='bbox 516 1365 663 1395; x_wconf 91' lang='lat' dir='ltr'>minores</span> <span class='ocrx_word' id='word_1_112' title='bbox 696 1362 864 1396; x_wconf 89' lang='lat' dir='ltr'>Ordines:</span> 
     </span>
     <span class='ocr_line' id='line_1_17' title="bbox 267 1424 1616 1467; baseline -0.003 -8"><span class='ocrx_word' id='word_1_113' title='bbox 267 1427 378 1459; x_wconf 85' lang='lat' dir='ltr'>Frater</span> <span class='ocrx_word' id='word_1_114' title='bbox 405 1427 578 1467; x_wconf 87' lang='lat' dir='ltr'>Benignus</span> <span class='ocrx_word' id='word_1_115' title='bbox 604 1427 645 1458; x_wconf 89' lang='lat' dir='ltr'>de</span> <span class='ocrx_word' id='word_1_116' title='bbox 672 1426 842 1464; x_wconf 85' lang='lat' dir='ltr'>Terdona,</span> <span class='ocrx_word' id='word_1_117' title='bbox 867 1424 1006 1457; x_wconf 88' lang='lat' dir='ltr'>Ordinis</span> <span class='ocrx_word' id='word_1_118' title='bbox 1033 1425 1276 1457; x_wconf 80' lang='lat' dir='ltr'>Heremitarum</span> <span class='ocrx_word' id='word_1_119' title='bbox 1303 1425 1408 1456; x_wconf 84' lang='lat' dir='ltr'>sancti</span> <span class='ocrx_word' id='word_1_120' title='bbox 1436 1424 1616 1465; x_wconf 86' lang='lat' dir='ltr'>Augustini</span> 
     </span>
     <span class='ocr_line' id='line_1_18' title="bbox 267 1486 1607 1530; baseline -0.002 -10"><span class='ocrx_word' id='word_1_121' title='bbox 267 1489 379 1521; x_wconf 86' lang='lat' dir='ltr'>Frater</span> <span class='ocrx_word' id='word_1_122' title='bbox 404 1488 553 1530; x_wconf 79' lang='lat' dir='ltr'>Raphael</span> <span class='ocrx_word' id='word_1_123' title='bbox 581 1489 621 1519; x_wconf 89' lang='lat' dir='ltr'>de</span> <span class='ocrx_word' id='word_1_124' title='bbox 649 1487 836 1526; x_wconf 76' lang='lat' dir='ltr'>Rozasctm,</span> <span class='ocrx_word' id='word_1_125' title='bbox 861 1487 1000 1520; x_wconf 90' lang='lat' dir='ltr'>Ordinis</span> <span class='ocrx_word' id='word_1_126' title='bbox 1027 1487 1269 1519; x_wconf 85' lang='lat' dir='ltr'>Heremitarum</span> <span class='ocrx_word' id='word_1_127' title='bbox 1296 1488 1402 1519; x_wconf 88' lang='lat' dir='ltr'>sancti</span> <span class='ocrx_word' id='word_1_128' title='bbox 1430 1486 1607 1527; x_wconf 88' lang='lat' dir='ltr'>Augustini</span> 
     </span>
     <span class='ocr_line' id='line_1_19' title="bbox 267 1548 1574 1590; baseline -0.002 -8"><span class='ocrx_word' id='word_1_129' title='bbox 267 1550 380 1582; x_wconf 89' lang='lat' dir='ltr'>Frater</span> <span class='ocrx_word' id='word_1_130' title='bbox 404 1550 591 1582; x_wconf 79' lang='lat' dir='ltr'>Nichoiaus</span> <span class='ocrx_word' id='word_1_131' title='bbox 617 1551 657 1581; x_wconf 92' lang='lat' dir='ltr'>de</span> <span class='ocrx_word' id='word_1_132' title='bbox 684 1550 797 1588; x_wconf 73' lang='lat' dir='ltr'>Lenta,</span> <span class='ocrx_word' id='word_1_133' title='bbox 822 1549 963 1582; x_wconf 89' lang='lat' dir='ltr'>Ordinis</span> <span class='ocrx_word' id='word_1_134' title='bbox 990 1550 1233 1581; x_wconf 85' lang='lat' dir='ltr'>Heremitarum</span> <span class='ocrx_word' id='word_1_135' title='bbox 1260 1550 1367 1581; x_wconf 87' lang='lat' dir='ltr'>sancti</span> <span class='ocrx_word' id='word_1_136' title='bbox 1394 1548 1574 1590; x_wconf 90' lang='lat' dir='ltr'>Augustini</span> 
     </span>
     <span class='ocr_line' id='line_1_20' title="bbox 267 1611 1659 1653; baseline -0.001 -9"><span class='ocrx_word' id='word_1_137' title='bbox 267 1612 379 1644; x_wconf 89' lang='lat' dir='ltr'>Frater</span> <span class='ocrx_word' id='word_1_138' title='bbox 405 1613 550 1644; x_wconf 86' lang='lat' dir='ltr'>Lazarus</span> <span class='ocrx_word' id='word_1_139' title='bbox 576 1613 617 1644; x_wconf 92' lang='lat' dir='ltr'>de</span> <span class='ocrx_word' id='word_1_140' title='bbox 644 1612 875 1653; x_wconf 71' lang='lat' dir='ltr'>Romagnam,</span> <span class='ocrx_word' id='word_1_141' title='bbox 901 1611 1040 1644; x_wconf 90' lang='lat' dir='ltr'>Ordinis</span> <span class='ocrx_word' id='word_1_142' title='bbox 1067 1612 1308 1643; x_wconf 80' lang='lat' dir='ltr'>&#39;sieremitarum</span> <span class='ocrx_word' id='word_1_143' title='bbox 1336 1612 1444 1643; x_wconf 90' lang='lat' dir='ltr'>sancti</span> <span class='ocrx_word' id='word_1_144' title='bbox 1479 1611 1659 1652; x_wconf 87' lang='lat' dir='ltr'>Augustini</span> 
     </span>
     <span class='ocr_line' id='line_1_21' title="bbox 267 1670 1599 1716; baseline -0.001 -10"><span class='ocrx_word' id='word_1_145' title='bbox 267 1674 378 1706; x_wconf 89' lang='lat' dir='ltr'>Frater</span> <span class='ocrx_word' id='word_1_146' title='bbox 403 1674 616 1716; x_wconf 86' lang='lat' dir='ltr'>Augustinus</span> <span class='ocrx_word' id='word_1_147' title='bbox 640 1675 681 1706; x_wconf 91' lang='lat' dir='ltr'>de</span> <span class='ocrx_word' id='word_1_148' title='bbox 708 1674 820 1713; x_wconf 87' lang='lat' dir='ltr'>Ianua,</span> <span class='ocrx_word' id='word_1_149' title='bbox 846 1673 986 1707; x_wconf 89' lang='lat' dir='ltr'>Ordinis</span> <span class='ocrx_word' id='word_1_150' title='bbox 1006 1670 1256 1706; x_wconf 83' lang='lat' dir='ltr'>Heremitarum</span> <span class='ocrx_word' id='word_1_151' title='bbox 1283 1674 1391 1706; x_wconf 90' lang='lat' dir='ltr'>sancti</span> <span class='ocrx_word' id='word_1_152' title='bbox 1419 1673 1599 1715; x_wconf 86' lang='lat' dir='ltr'>Augustini</span> 
     </span>
     <span class='ocr_line' id='line_1_22' title="bbox 269 1736 1525 1778; baseline -0.002 -9"><span class='ocrx_word' id='word_1_153' title='bbox 269 1737 381 1769; x_wconf 86' lang='lat' dir='ltr'>Frater</span> <span class='ocrx_word' id='word_1_154' title='bbox 407 1736 534 1769; x_wconf 83' lang='lat' dir='ltr'>Paulus</span> <span class='ocrx_word' id='word_1_155' title='bbox 559 1738 600 1769; x_wconf 88' lang='lat' dir='ltr'>de</span> <span class='ocrx_word' id='word_1_156' title='bbox 626 1736 742 1778; x_wconf 81' lang='lat' dir='ltr'>Papia,</span> <span class='ocrx_word' id='word_1_157' title='bbox 768 1736 907 1769; x_wconf 92' lang='lat' dir='ltr'>Ordinis</span> <span class='ocrx_word' id='word_1_158' title='bbox 934 1736 1176 1768; x_wconf 84' lang='lat' dir='ltr'>Heremitarum</span> <span class='ocrx_word' id='word_1_159' title='bbox 1211 1738 1317 1768; x_wconf 87' lang='lat' dir='ltr'>sancti</span> <span class='ocrx_word' id='word_1_160' title='bbox 1346 1736 1525 1778; x_wconf 87' lang='lat' dir='ltr'>Augustini</span> 
     </span>
     <span class='ocr_line' id='line_1_23' title="bbox 268 1798 821 1831; baseline -0.002 0"><span class='ocrx_word' id='word_1_161' title='bbox 268 1799 318 1831; x_wconf 90' lang='lat' dir='ltr'>Ad</span> <span class='ocrx_word' id='word_1_162' title='bbox 345 1800 612 1831; x_wconf 86' lang='lat' dir='ltr'>subdiaconatus</span> <span class='ocrx_word' id='word_1_163' title='bbox 637 1798 821 1831; x_wconf 89' lang='lat' dir='ltr'>Ordinem:</span> 
     </span>
     <span class='ocr_line' id='line_1_24' title="bbox 268 1861 1614 1902; baseline -0.001 -9"><span class='ocrx_word' id='word_1_164' title='bbox 268 1862 380 1893; x_wconf 87' lang='lat' dir='ltr'>Frater</span> <span class='ocrx_word' id='word_1_165' title='bbox 406 1861 578 1902; x_wconf 83' lang='lat' dir='ltr'>Benignus</span> <span class='ocrx_word' id='word_1_166' title='bbox 604 1862 645 1893; x_wconf 91' lang='lat' dir='ltr'>de</span> <span class='ocrx_word' id='word_1_167' title='bbox 671 1861 840 1899; x_wconf 85' lang='lat' dir='ltr'>Terdona,</span> <span class='ocrx_word' id='word_1_168' title='bbox 866 1861 1006 1893; x_wconf 87' lang='lat' dir='ltr'>Ordinis</span> <span class='ocrx_word' id='word_1_169' title='bbox 1032 1862 1274 1893; x_wconf 84' lang='lat' dir='ltr'>Heremitarum</span> <span class='ocrx_word' id='word_1_170' title='bbox 1302 1862 1407 1893; x_wconf 83' lang='lat' dir='ltr'>saneti</span> <span class='ocrx_word' id='word_1_171' title='bbox 1435 1861 1614 1902; x_wconf 89' lang='lat' dir='ltr'>Augustini</span> 
     </span>
     <span class='ocr_line' id='line_1_25' title="bbox 269 1923 1570 1964; baseline 0 -10"><span class='ocrx_word' id='word_1_172' title='bbox 269 1924 379 1954; x_wconf 83' lang='lat' dir='ltr'>Frater</span> <span class='ocrx_word' id='word_1_173' title='bbox 405 1923 552 1964; x_wconf 75' lang='lat' dir='ltr'>Raphael</span> <span class='ocrx_word' id='word_1_174' title='bbox 579 1924 619 1955; x_wconf 90' lang='lat' dir='ltr'>de</span> <span class='ocrx_word' id='word_1_175' title='bbox 646 1923 809 1961; x_wconf 75' lang='lat' dir='ltr'>RozaSCO,</span> <span class='ocrx_word' id='word_1_176' title='bbox 835 1923 974 1955; x_wconf 86' lang='lat' dir='ltr'>Ordinis</span> <span class='ocrx_word' id='word_1_177' title='bbox 1000 1924 1241 1955; x_wconf 85' lang='lat' dir='ltr'>Heremitarum</span> <span class='ocrx_word' id='word_1_178' title='bbox 1277 1924 1363 1954; x_wconf 80' lang='lat' dir='ltr'>santi</span> <span class='ocrx_word' id='word_1_179' title='bbox 1392 1923 1570 1963; x_wconf 85' lang='lat' dir='ltr'>Augustini</span> 
     </span>
     <span class='ocr_line' id='line_1_26' title="bbox 271 1985 1570 2026; baseline 0 -10"><span class='ocrx_word' id='word_1_180' title='bbox 271 1986 381 2017; x_wconf 79' lang='lat' dir='ltr'>Frater</span> <span class='ocrx_word' id='word_1_181' title='bbox 406 1985 591 2017; x_wconf 77' lang='lat' dir='ltr'>Nicllolaus</span> <span class='ocrx_word' id='word_1_182' title='bbox 617 1987 658 2017; x_wconf 88' lang='lat' dir='ltr'>de</span> <span class='ocrx_word' id='word_1_183' title='bbox 685 1986 796 2023; x_wconf 71' lang='lat' dir='ltr'>Lenta,</span> <span class='ocrx_word' id='word_1_184' title='bbox 823 1985 962 2018; x_wconf 87' lang='lat' dir='ltr'>Ordinis</span> <span class='ocrx_word' id='word_1_185' title='bbox 989 1986 1231 2017; x_wconf 81' lang='lat' dir='ltr'>Heremitarunl</span> <span class='ocrx_word' id='word_1_186' title='bbox 1257 1987 1362 2017; x_wconf 82' lang='lat' dir='ltr'>sancti</span> <span class='ocrx_word' id='word_1_187' title='bbox 1391 1986 1570 2026; x_wconf 88' lang='lat' dir='ltr'>Augustini</span> 
     </span>
     <span class='ocr_line' id='line_1_27' title="bbox 271 2047 1647 2088; baseline 0 -10"><span class='ocrx_word' id='word_1_188' title='bbox 271 2048 380 2079; x_wconf 76' lang='lat' dir='ltr'>Frater</span> <span class='ocrx_word' id='word_1_189' title='bbox 407 2047 549 2078; x_wconf 82' lang='lat' dir='ltr'>Lazarus</span> <span class='ocrx_word' id='word_1_190' title='bbox 575 2048 616 2079; x_wconf 89' lang='lat' dir='ltr'>de</span> <span class='ocrx_word' id='word_1_191' title='bbox 643 2047 874 2088; x_wconf 76' lang='lat' dir='ltr'>Romagnano,</span> <span class='ocrx_word' id='word_1_192' title='bbox 901 2047 1039 2080; x_wconf 89' lang='lat' dir='ltr'>Ordinis</span> <span class='ocrx_word' id='word_1_193' title='bbox 1066 2048 1307 2079; x_wconf 83' lang='lat' dir='ltr'>Heremitarum</span> <span class='ocrx_word' id='word_1_194' title='bbox 1335 2048 1440 2079; x_wconf 84' lang='lat' dir='ltr'>sancti</span> <span class='ocrx_word' id='word_1_195' title='bbox 1467 2047 1647 2088; x_wconf 88' lang='lat' dir='ltr'>Augustini</span> 
     </span>
     <span class='ocr_line' id='line_1_28' title="bbox 270 2109 1594 2150; baseline 0 -10"><span class='ocrx_word' id='word_1_196' title='bbox 270 2110 382 2141; x_wconf 75' lang='lat' dir='ltr'>Frater</span> <span class='ocrx_word' id='word_1_197' title='bbox 407 2109 618 2149; x_wconf 82' lang='lat' dir='ltr'>Augustinus</span> <span class='ocrx_word' id='word_1_198' title='bbox 643 2110 684 2141; x_wconf 87' lang='lat' dir='ltr'>de</span> <span class='ocrx_word' id='word_1_199' title='bbox 710 2110 820 2147; x_wconf 83' lang='lat' dir='ltr'>lanua,</span> <span class='ocrx_word' id='word_1_200' title='bbox 847 2109 986 2142; x_wconf 82' lang='lat' dir='ltr'>Ordinis</span> <span class='ocrx_word' id='word_1_201' title='bbox 1013 2110 1254 2142; x_wconf 78' lang='lat' dir='ltr'>Heremitarum</span> <span class='ocrx_word' id='word_1_202' title='bbox 1282 2112 1386 2142; x_wconf 78' lang='lat' dir='ltr'>saneti</span> <span class='ocrx_word' id='word_1_203' title='bbox 1415 2110 1594 2150; x_wconf 90' lang='lat' dir='ltr'>Augustini</span> 
     </span>
     <span class='ocr_line' id='line_1_29' title="bbox 271 2170 778 2211; baseline -0.002 -8"><span class='ocrx_word' id='word_1_204' title='bbox 271 2172 321 2203; x_wconf 89' lang='lat' dir='ltr'>Ad</span> <span class='ocrx_word' id='word_1_205' title='bbox 349 2172 592 2211; x_wconf 78' lang='lat' dir='ltr'>presbiteratus</span> <span class='ocrx_word' id='word_1_206' title='bbox 618 2170 778 2203; x_wconf 87' lang='lat' dir='ltr'>Ordinem</span> 
     </span>
     <span class='ocr_line' id='line_1_30' title="bbox 270 2233 1598 2273; baseline 0 -9"><span class='ocrx_word' id='word_1_207' title='bbox 270 2234 380 2264; x_wconf 75' lang='lat' dir='ltr'>Frater</span> <span class='ocrx_word' id='word_1_208' title='bbox 407 2233 547 2273; x_wconf 80' lang='lat' dir='ltr'>Egidius</span> <span class='ocrx_word' id='word_1_209' title='bbox 573 2234 613 2264; x_wconf 82' lang='lat' dir='ltr'>de</span> <span class='ocrx_word' id='word_1_210' title='bbox 640 2233 808 2269; x_wconf 78' lang='lat' dir='ltr'>Terdona‚</span> <span class='ocrx_word' id='word_1_211' title='bbox 835 2233 973 2265; x_wconf 82' lang='lat' dir='ltr'>Ordinis</span> <span class='ocrx_word' id='word_1_212' title='bbox 1001 2234 1244 2265; x_wconf 81' lang='lat' dir='ltr'>Hereinitarum</span> <span class='ocrx_word' id='word_1_213' title='bbox 1272 2236 1378 2265; x_wconf 74' lang='lat' dir='ltr'>sancti</span> <span class='ocrx_word' id='word_1_214' title='bbox 1407 2234 1598 2273; x_wconf 79' lang='lat' dir='ltr'>Augustini.</span> 
     </span>
    </p>
   </div>
   <div class='ocr_carea' id='block_1_8' title="bbox 983 2407 1212 2448">
    <p class='ocr_par' dir='ltr' id='par_1_8' title="bbox 983 2407 1212 2448">
     <span class='ocr_line' id='line_1_31' title="bbox 983 2407 1212 2448; baseline 0.004 -3"><span class='ocrx_word' id='word_1_215' title='bbox 983 2407 1212 2448; x_wconf 89' lang='lat' dir='ltr'><strong>DCCCX.</strong></span> 
     </span>
    </p>
   </div>
   <div class='ocr_carea' id='block_1_9' title="bbox 185 2525 1987 2614">
    <p class='ocr_par' dir='ltr' id='par_1_9' title="bbox 185 2525 1987 2614">
     <span class='ocr_line' id='line_1_32' title="bbox 273 2525 1987 2561; baseline -0.001 -8"><span class='ocrx_word' id='word_1_216' title='bbox 273 2525 299 2552; x_wconf 94' lang='lat'>11</span> <span class='ocrx_word' id='word_1_217' title='bbox 326 2525 480 2553; x_wconf 87' lang='lat' dir='ltr'>Comune</span> <span class='ocrx_word' id='word_1_218' title='bbox 507 2526 540 2553; x_wconf 86' lang='lat' dir='ltr'>di</span> <span class='ocrx_word' id='word_1_219' title='bbox 568 2526 679 2553; x_wconf 82' lang='lat' dir='ltr'>Pavia</span> <span class='ocrx_word' id='word_1_220' title='bbox 705 2530 836 2553; x_wconf 83' lang='lat' dir='ltr'>attesta</span> <span class='ocrx_word' id='word_1_221' title='bbox 863 2526 893 2553; x_wconf 86' lang='lat' dir='ltr'>le</span> <span class='ocrx_word' id='word_1_222' title='bbox 920 2526 1107 2561; x_wconf 84' lang='lat' dir='ltr'>pubbliche</span> <span class='ocrx_word' id='word_1_223' title='bbox 1134 2526 1386 2553; x_wconf 83' lang='lat' dir='ltr'>benemerenze</span> <span class='ocrx_word' id='word_1_224' title='bbox 1412 2526 1445 2553; x_wconf 81' lang='lat' dir='ltr'>di</span> <span class='ocrx_word' id='word_1_225' title='bbox 1473 2526 1561 2553; x_wconf 73' lang='lat' dir='ltr'>frate</span> <span class='ocrx_word' id='word_1_226' title='bbox 1588 2525 1845 2560; x_wconf 82' lang='lat' dir='ltr'>Miehelangelo</span> <span class='ocrx_word' id='word_1_227' title='bbox 1872 2526 1987 2553; x_wconf 58' lang='lat' dir='ltr'>Pietre·</span> 
     </span>
     <span class='ocr_line' id='line_1_33' title="bbox 185 2578 1676 2614; baseline 0 -8"><span class='ocrx_word' id='word_1_228' title='bbox 185 2579 330 2606; x_wconf 84' lang='lat' dir='ltr'>durante</span> <span class='ocrx_word' id='word_1_229' title='bbox 357 2578 528 2607; x_wconf 84' lang='lat' dir='ltr'>l’assedio</span> <span class='ocrx_word' id='word_1_230' title='bbox 555 2588 571 2606; x_wconf 87' lang='lat' dir='ltr'><strong>e</strong></span> <span class='ocrx_word' id='word_1_231' title='bbox 598 2578 719 2607; x_wconf 84' lang='lat' dir='ltr'>chiede</span> <span class='ocrx_word' id='word_1_232' title='bbox 745 2579 808 2607; x_wconf 89' lang='lat' dir='ltr'>che</span> <span class='ocrx_word' id='word_1_233' title='bbox 835 2579 888 2606; x_wconf 86' lang='lat' dir='ltr'>sia</span> <span class='ocrx_word' id='word_1_234' title='bbox 915 2579 1002 2606; x_wconf 80' lang='lat' dir='ltr'>fatto</span> <span class='ocrx_word' id='word_1_235' title='bbox 1030 2579 1151 2606; x_wconf 87' lang='lat' dir='ltr'>Priore</span> <span class='ocrx_word' id='word_1_236' title='bbox 1177 2583 1345 2614; x_wconf 86' lang='lat' dir='ltr'>perpetuo</span> <span class='ocrx_word' id='word_1_237' title='bbox 1371 2578 1405 2606; x_wconf 82' lang='lat' dir='ltr'>di</span> <span class='ocrx_word' id='word_1_238' title='bbox 1432 2579 1465 2606; x_wconf 88' lang='lat' dir='ltr'>S.</span> <span class='ocrx_word' id='word_1_239' title='bbox 1495 2579 1676 2606; x_wconf 85' lang='lat' dir='ltr'>Mostiola.</span> 
     </span>
    </p>
   </div>
   <div class='ocr_carea' id='block_1_10' title="bbox 815 2699 1376 2731">
    <p class='ocr_par' dir='ltr' id='par_1_10' title="bbox 815 2699 1376 2731">
     <span class='ocr_line' id='line_1_34' title="bbox 815 2699 1376 2731; baseline 0.002 -7"><span class='ocrx_word' id='word_1_240' title='bbox 815 2701 952 2725; x_wconf 58' lang='lat'><strong>15:26</strong></span> <span class='ocrx_word' id='word_1_241' title='bbox 964 2716 976 2728; x_wconf 86' lang='grc'>,</span> <span class='ocrx_word' id='word_1_242' title='bbox 1010 2700 1228 2731; x_wconf 54' lang='lat' dir='ltr'>gina-110</span> <span class='ocrx_word' id='word_1_243' title='bbox 1241 2715 1254 2729; x_wconf 80' lang='grc'>,</span> <span class='ocrx_word' id='word_1_244' title='bbox 1288 2699 1376 2725; x_wconf 76' lang='lat'>2⁷.</span> 
     </span>
    </p>
   </div>
   <div class='ocr_carea' id='block_1_11' title="bbox 648 2788 1516 2814">
    <p class='ocr_par' dir='ltr' id='par_1_11' title="bbox 648 2788 1516 2814">
     <span class='ocr_line' id='line_1_35' title="bbox 648 2788 1516 2814; baseline 0 -5"><span class='ocrx_word' id='word_1_245' title='bbox 648 2790 790 2811; x_wconf 61' lang='lat' dir='ltr'>(eoliezimie</span> <span class='ocrx_word' id='word_1_246' title='bbox 807 2789 842 2809; x_wconf 73' lang='lat' dir='ltr'>del</span> <span class='ocrx_word' id='word_1_247' title='bbox 859 2789 932 2809; x_wconf 61' lang='lat' dir='ltr'>Contu</span> <span class='ocrx_word' id='word_1_248' title='bbox 951 2789 964 2808; x_wconf 68' lang='lat' dir='ltr'>‚i</span> <span class='ocrx_word' id='word_1_249' title='bbox 992 2788 1099 2813; x_wconf 51' lang='lat' dir='ltr'>Cuvaujiu</span> <span class='ocrx_word' id='word_1_250' title='bbox 1117 2788 1267 2811; x_wconf 55' lang='lat' dir='ltr'>Snuuiulinnr</span> <span class='ocrx_word' id='word_1_251' title='bbox 1284 2800 1307 2801; x_wconf 33' lang='lat' dir='ltr'><em>j</em></span> <span class='ocrx_word' id='word_1_252' title='bbox 1324 2789 1420 2814; x_wconf 69' lang='lat' dir='ltr'>(jruppn</span> <span class='ocrx_word' id='word_1_253' title='bbox 1438 2788 1516 2809; x_wconf 58' lang='lat' dir='ltr'>pavia*</span> 
     </span>
    </p>
   </div>
   <div class='ocr_carea' id='block_1_12' title="bbox 265 2920 1999 3036">
    <p class='ocr_par' dir='ltr' id='par_1_12' title="bbox 265 2920 1999 3036">
     <span class='ocr_line' id='line_1_36' title="bbox 265 2920 858 3035; baseline 0 -72"><span class='ocrx_word' id='word_1_254' title='bbox 265 2920 367 3035; x_wconf 86' lang='lat' dir='ltr'><strong>R</strong></span> <span class='ocrx_word' id='word_1_255' title='bbox 434 2937 726 2965; x_wconf 70' lang='lat' dir='ltr'>eveneuoissuvifi</span> <span class='ocrx_word' id='word_1_256' title='bbox 752 2932 858 2967; x_wconf 77' lang='lat' dir='ltr'>Pater.</span> 
     </span>
     <span class='ocr_line' id='line_1_37' title="bbox 544 2994 1999 3036; baseline -0.002 -9"><span class='ocrx_word' id='word_1_257' title='bbox 544 2996 576 3027; x_wconf 88' lang='lat' dir='ltr'>Li</span> <span class='ocrx_word' id='word_1_258' title='bbox 603 2997 680 3027; x_wconf 83' lang='lat' dir='ltr'>boni</span> <span class='ocrx_word' id='word_1_259' title='bbox 709 2996 951 3036; x_wconf 80' lang='lat' dir='ltr'>deportamenti</span> <span class='ocrx_word' id='word_1_260' title='bbox 993 2996 1053 3026; x_wconf 75' lang='lat' dir='ltr'>ene</span> <span class='ocrx_word' id='word_1_261' title='bbox 1092 2996 1131 3026; x_wconf 79' lang='lat' dir='ltr'>iia</span> <span class='ocrx_word' id='word_1_262' title='bbox 1171 2996 1267 3026; x_wconf 79' lang='lat' dir='ltr'>usato</span> <span class='ocrx_word' id='word_1_263' title='bbox 1294 2994 1324 3024; x_wconf 85' lang='lat' dir='ltr'>io</span> <span class='ocrx_word' id='word_1_264' title='bbox 1351 2995 1536 3025; x_wconf 72' lang='lat' dir='ltr'>reverendo</span> <span class='ocrx_word' id='word_1_265' title='bbox 1572 2995 1710 3026; x_wconf 79' lang='lat' dir='ltr'>domino</span> <span class='ocrx_word' id='word_1_266' title='bbox 1748 2995 1908 3034; x_wconf 84' lang='lat' dir='ltr'>magistro</span> <span class='ocrx_word' id='word_1_267' title='bbox 1935 2994 1999 3024; x_wconf 81' lang='lat' dir='ltr'>Mi—</span> 
     </span>
    </p>
   </div>
   <div class='ocr_carea' id='block_1_13' title="bbox 456 3055 1998 3099">
    <p class='ocr_par' dir='ltr' id='par_1_13' title="bbox 456 3055 1998 3099">
     <span class='ocr_line' id='line_1_38' title="bbox 456 3055 1998 3099; baseline -0.003 -10"><span class='ocrx_word' id='word_1_268' title='bbox 456 3059 546 3090; x_wconf 75' lang='lat' dir='ltr'>ehele</span> <span class='ocrx_word' id='word_1_269' title='bbox 573 3058 704 3099; x_wconf 82' lang='lat' dir='ltr'>Angelo</span> <span class='ocrx_word' id='word_1_270' title='bbox 730 3059 770 3090; x_wconf 89' lang='lat' dir='ltr'>de</span> <span class='ocrx_word' id='word_1_271' title='bbox 797 3058 893 3089; x_wconf 77' lang='lat' dir='ltr'>Petra</span> <span class='ocrx_word' id='word_1_272' title='bbox 920 3059 960 3089; x_wconf 76' lang='lat' dir='ltr'>dc</span> <span class='ocrx_word' id='word_1_273' title='bbox 988 3058 1017 3088; x_wconf 76' lang='lat' dir='ltr'>la</span> <span class='ocrx_word' id='word_1_274' title='bbox 1044 3057 1217 3097; x_wconf 77' lang='lat' dir='ltr'>Religione</span> <span class='ocrx_word' id='word_1_275' title='bbox 1244 3057 1284 3087; x_wconf 85' lang='lat' dir='ltr'>de</span> <span class='ocrx_word' id='word_1_276' title='bbox 1313 3057 1349 3087; x_wconf 86' lang='lat' dir='ltr'>V.</span> <span class='ocrx_word' id='word_1_277' title='bbox 1378 3056 1411 3089; x_wconf 70' lang='lat' dir='ltr'>R.</span> <span class='ocrx_word' id='word_1_278' title='bbox 1439 3055 1506 3087; x_wconf 48' lang='grc' dir='ltr'>ΒΨ</span> <span class='ocrx_word' id='word_1_279' title='bbox 1534 3058 1563 3087; x_wconf 91' lang='lat' dir='ltr'>in</span> <span class='ocrx_word' id='word_1_280' title='bbox 1592 3060 1712 3097; x_wconf 84' lang='lat' dir='ltr'>questo</span> <span class='ocrx_word' id='word_1_281' title='bbox 1746 3058 1864 3088; x_wconf 79' lang='lat' dir='ltr'>asedio</span> <span class='ocrx_word' id='word_1_282' title='bbox 1890 3057 1998 3095; x_wconf 69' lang='lat' dir='ltr'>galim»</span> 
     </span>
    </p>
   </div>
   <div class='ocr_carea' id='block_1_14' title="bbox 1969 3125 1992 3144">
    <p class='ocr_par' dir='ltr' id='par_1_14' title="bbox 1969 3125 1992 3144">
     <span class='ocr_line' id='line_1_39' title="bbox 1969 3125 1992 3144; baseline 0 0"><span class='ocrx_word' id='word_1_283' title='bbox 1969 3125 1992 3144; x_wconf 62' lang='lat' dir='ltr'>lh}</span> 
     </span>
    </p>
   </div>
  </div>
 </body>
</html>
