2305 3407
1092 374 1282 416 DCCV.

367 487 594 516 professione
621 487 789 523 religiosa
817 487 850 514 di
878 487 966 514 frate
993 486 1104 514 Paolo
1130 485 1279 513 Cantoni
1306 494 1323 513 e
1350 485 1384 513 di
1410 485 1499 512 frate
1525 484 1667 512 Andrea
1693 483 1854 512 Marzani
1880 483 1924 511 da
1951 483 2073 511 Pavia.

955 610 970 631 1
977 607 1106 635 608.
1139 614 1174 631 ει
1182 614 1216 637 1)
1224 607 1340 635 vilo,
1372 606 1424 631 8.

785 696 852 717 (Arcu
879 696 951 716 Notat
976 695 997 715 di
1015 695 1092 715 l'avm.
1110 707 1133 708 j
1151 695 1198 715 Alli
1215 695 1236 714 di
1253 695 1310 715 (iiau
1328 694 1441 718 ‘nostium
1458 694 1584 715 Manum).

387 882 434 997 I
524 900 547 925 N
573 902 703 925 camera
730 893 902 924 reverendi
930 893 1056 924 domini
1084 892 1308 924 Provincialis
1338 893 1400 924 sita
1420 893 1449 923 in
1470 890 1648 924 Conveutu
1675 900 1734 923 seu
1762 892 1965 922 monasterio
1992 891 2099 923 sancti

548 956 727 997 Augustini
756 955 870 996 Papie‚
897 955 1037 987 Ordinis
1069 955 1460 987 Hereinitarum...frater
1486 954 1613 986 Paulus
1639 954 1679 985 de
1705 952 1861 986 Cantono
1879 954 1920 985 de
1939 953 2054 994 Papia,
2073 956 2103 985 et

545 1019 644 1050 frater
656 1018 808 1050 Andreas
819 1019 858 1049 de
871 1018 1030 1049 Marzano
1042 1018 1082 1049 de
1094 1017 1274 1058 Papia,qui
1292 1019 1322 1049 in
1335 1018 1449 1049 nabitu
1465 1017 1602 1048 fratrum
1616 1016 1857 1048 Heremitarum
1870 1017 1976 1048 sancti
1989 1015 2104 1057 Augu-

280 1082 355 1112 stini
384 1082 593 1112 incesserunt
608 1085 638 1112 et
653 1081 693 1112 de
711 1081 855 1121 presenti
873 1080 1042 1115 incedunt,
1060 1080 1212 1111 volentes
1229 1089 1287 1120 pro
1304 1080 1400 1111 llicsu
1420 1078 1545 1111 Christi
1565 1088 1677 1110 amore
1707 1081 1738 1110 et
1763 1079 1948 1110 animarum
1968 1087 2103 1110 suarum

281 1145 388 1175 salute
401 1145 430 1175 in
444 1147 559 1175 sancta
576 1143 817 1175 Heremitarum
834 1143 939 1175 sancti
952 1143 1131 1184 Augustini
1149 1142 1322 1183 Religione
1333 1151 1393 1173 sua
1405 1143 1474 1172 iura
1490 1141 1683 1172 obedientia
1694 1144 1800 1172 artare
1811 1143 1842 1172 et
1854 1141 2024 1172 residuum
2038 1141 2104 1172 vite

281 1216 394 1237 eorum
410 1206 552 1247 regulari
570 1207 744 1237 subiacere
760 1206 951 1246 discipline,
967 1208 1087 1245 sponte
1103 1214 1163 1236 sua
1179 1205 1373 1236 obtulerunt
1389 1213 1566 1244 personam
1584 1212 1678 1235 suam
1696 1202 1768 1234 Deo
1783 1206 1814 1234 et
1830 1204 1928 1234 beato
1944 1203 2105 1245 Augusti-

283 1278 325 1300 no
342 1270 371 1300 iu
389 1269 545 1300 manibus
560 1271 591 1300 et
605 1269 647 1300 ad
664 1269 867 1309 presentiam
884 1268 1059 1299 reverendi
1076 1277 1171 1299 sacre
1188 1267 1309 1308 pagine
1326 1266 1531 1307 professoris
1546 1266 1671 1297 domini
1688 1266 1838 1307 magistri
1855 1265 2013 1297 lobannis
2028 1265 2107 1297 Ber-

281 1331 414 1362 tolamei
442 1332 482 1362 de
509 1331 693 1362 Valmaclia
721 1330 946 1362 Provincialis
985 1329 1162 1361 Provincie
1197 1329 1398 1360 Lombardie
1436 1329 1514 1360 dicti
1553 1327 1692 1359 Ordinis
1731 1328 1973 1359 Heremitarum
2001 1328 2106 1360 sancti

282 1393 472 1433 Augustini.
501 1394 672 1433 recipienti
701 1394 834 1424 nomine
861 1395 892 1424 et
918 1393 991 1424 vice
1018 1393 1096 1424 dicti
1124 1391 1264 1424 Ordinis
1289 1400 1327 1422 ac
1353 1389 1553 1423 Conventus
1580 1391 1686 1421 sancti
1714 1389 1894 1431 Augustini
1933 1391 2108 1431 papiensis

282 1459 312 1486 et
338 1456 402 1486 sub
429 1456 622 1486 obedientia
649 1456 922 1487 reverendissimi
950 1456 1077 1486 domini
1117 1454 1244 1485 Prioris
1281 1452 1459 1486 Generalis
1497 1454 1606 1494 ipsius
1639 1452 1789 1489 Ordinis⁷
1817 1452 2054 1485 Promittentes
2079 1455 2110 1484 et

283 1518 481 1558 profitentes
508 1520 751 1558 paupertatem,
779 1519 979 1553 castitatem,
1006 1520 1036 1549 et
1062 1517 1290 1548 obedientiam
1319 1516 1478 1553 debitam,
1516 1516 1704 1547 secundum
1742 1514 1903 1556 Regulam
1942 1515 2020 1546 dicti
2048 1514 2111 1548 Or-

285 1581 383 1615 dinis,
411 1582 509 1620 prout
537 1581 567 1611 in
595 1581 740 1620 quadam
769 1580 889 1611 cedula
916 1589 1016 1621 quam
1045 1580 1169 1611 ibidem
1198 1579 1344 1620 legerunl
1372 1581 1402 1610 et
1428 1587 1528 1619 quam
1557 1579 1586 1609 in
1614 1579 1686 1609 suis
1712 1578 1871 1609 tenebant
1897 1578 2054 1610 manibus
2080 1581 2110 1610 et

286 1643 378 1674 iuxta
406 1643 502 1674 ritum
529 1645 559 1673 et
586 1652 711 1674 morem
739 1643 848 1683 ipsius
874 1642 1024 1675 Ordinis.
1053 1643 1091 1673 Et
1118 1643 1177 1673 hec
1203 1642 1315 1672 onmia
1342 1642 1372 1672 in
1401 1641 1570 1682 presentia
1597 1641 1695 1672 etiam
1724 1641 1896 1672 reverendi
1924 1649 2019 1672 sacre
2053 1649 2111 1681 pa-

285 1706 362 1745 gine
388 1704 593 1745 professoris
620 1705 746 1735 domini
775 1705 923 1745 magistri
952 1705 1128 1736 iheronimi
1157 1705 1197 1736 de
1225 1704 1326 1736 Lenta
1354 1704 1481 1741 vicarii,
1509 1704 1682 1735 reverendi
1710 1712 1803 1735 sacre
1834 1704 1955 1744 pagine
1981 1703 2113 1744 profes—

286 1769 373 1798 soris
412 1768 537 1798 domini
578 1768 726 1808 magistri
771 1767 929 1799 lobannis
971 1767 1172 1799 Bertolamei
1215 1768 1255 1799 de
1294 1766 1486 1799 Castelacio
1513 1767 1634 1798 sindici
1662 1768 1692 1798 et
1719 1767 1957 1806 procuratoris,
1984 1766 2110 1797 domini

286 1830 397 1861 fratris
424 1829 518 1860 Pauli
546 1830 586 1860 de
614 1829 718 1870 Papia
745 1833 776 1861 et
802 1829 913 1861 fratris
941 1830 1105 1861 Bonitacii
1133 1830 1173 1861 de
1201 1829 1306 1870 Papia
1334 1830 1482 1869 magistri
1511 1829 1732 1864 noviciorum,
1752 1829 1807 1868 qui
1827 1837 1944 1859 omnes
1971 1829 2110 1869 predicti

287 1892 445 1922 (nullibus
472 1893 519 1922 sic
546 1892 689 1932 peractis
716 1892 826 1923 dictos
852 1891 985 1923 fratrem
1014 1891 1155 1923 Paulum
1182 1894 1212 1923 et
1238 1892 1371 1923 tratrem
1399 1891 1566 1923 Andream
1594 1892 1789 1932 profitentes
1814 1891 1856 1921 ad
1883 1893 1996 1931 partes
2022 1899 2112 1922 rece-

289 1957 417 1994 perunt.
445 1953 493 1984 De
520 1954 646 1993 quibus
671 1954 830 1985 omnibus
857 1954 975 1994 prefati
1015 1954 1174 1985 dominus
1211 1954 1436 1986 Provincialis
1462 1957 1492 1986 et
1517 1954 1572 1985 alii
1600 1954 1762 1985 fratres...
1790 1953 1857 1984 fieri
1885 1954 2056 1985 iusserunt
2081 1956 2112 1984 et

289 2019 491 2055 rogaverunt
518 2016 580 2046 boc
608 2016 863 2047 instrumentum
891 2017 988 2047 michi
1016 2018 1157 2053 notario,
1184 2020 1244 2048 etc.
1270 2016 1501 2053 Presentibus,
1528 2018 1602 2054 etc„
1630 2016 1706 2047 inde
1732 2016 1887 2047 testibus.

1090 2218 1307 2259 DCCVI.

378 2327 405 2354 11
433 2327 595 2363 Capitolo
621 2328 654 2355 di
681 2328 716 2356 S.
746 2328 856 2356 Paolo
883 2328 995 2356 vende
1020 2337 1065 2356 un
1090 2332 1230 2356 terreno
1256 2328 1290 2355 al
1317 2328 1498 2356 Convento
1525 2327 1559 2356 di
1585 2327 1618 2358 S.
1646 2327 1788 2364 Spirito.

950 2441 1109 2472 1508,
1141 2441 1344 2473 lug-lio,
1375 2441 1451 2466 18.

857 2529 933 2549 infeli.
952 2528 1004 2549 Not.
1022 2528 1043 2549 di
1061 2528 1131 2549 Pavia
1148 2540 1171 2542 —
1189 2529 1235 2550 Atti
1252 2528 1274 2549 di
1291 2529 1389 2550 Micliele
1407 2528 1524 2554 Mangano
1542 2545 1545 2549 .

402 2712 447 2825 Ι
543 2730 566 2755 Ν
592 2726 743 2757 sacristia
770 2726 963 2758 monasterii
990 2727 1095 2757 sancti
1123 2725 1263 2757 Pauli...
1289 2724 1488 2758 Convocato
1514 2728 1544 2756 et
1569 2728 1774 2766 congregato
1800 2723 1958 2766 Capitulo
1976 2726 2117 2757 ecclesie

566 2788 671 2819 sancti
698 2787 804 2823 Pauli,
832 2787 971 2819 Ordinis
986 2789 1092 2820 sancti
1109 2788 1288 2829 Augustini
1305 2789 1345 2819 de
1360 2782 1638 2819 Observancia....
1655 2788 1695 2819 de
1712 2788 1916 2819 mandato...
1942 2788 2116 2820 reverendi

415 2884 435 2885 ἶ
510 2884 525 2885 W
566 2849 691 2879 domini
720 2848 830 2880 fratris
857 2848 1090 2881 Dcffendentis
1116 2850 1157 2881 de
1176 2849 1347 2889 Viqueria,
1366 2848 1426 2881 Dei
1446 2850 1558 2890 gracia
1578 2848 1703 2881 prioris
1733 2850 1851 2890 prefati
1878 2851 2118 2883 monasterii....

295 2911 325 2941 in
353 2920 420 2950 quo
447 2910 583 2950 quidem
610 2909 770 2950 Capitulo
796 2910 975 2942 fuerunt...
1003 2910 1217 2951 prefatus...
1245 2911 1403 2942 dominus
1429 2910 1524 2942 Prior
1542 2914 1666 2943 etcum
1693 2921 1777 2944 eo....
1796 2912 1897 2944 frater
1915 2912 2118 2944 Benedictus

295 2972 335 3003 de
362 2972 467 3004 Tritio
482 2972 510 3009 22,
537 2971 637 3003 frater
663 2971 839 3003 Barnabas
864 2973 905 3004 de
932 2971 1108 3013 Pergamo,
1134 2972 1234 3004 frater
1248 2972 1477 3005 Bernardinus
1503 2974 1544 3005 dc
1570 2972 1681 3012 Saliis,
1707 2973 1805 3006 frater
1831 2973 2053 3006 Dominichus
2078 2975 2118 3006 de

296 3034 551 3075 MonteregaHe,
578 3033 678 3065 trater
704 3033 876 3066 Amadeus
902 3035 943 3066 de
969 3033 1196 3073 Castronovo,
1234 3034 1334 3067 trater
1372 3035 1499 3068 Paulus
1525 3036 1566 3068 de
1593 3035 1709 3077 Papia,
1746 3036 1846 3068 frater
1871 3036 2054 3069 Pacifficus
2078 3037 2118 3069 de
