2305 3407
1936 135 1990 167 161

871 319 1316 361 DCCCXXXVII.

246 428 490 465 Disposizioni
516 429 572 457 del
598 429 751 457 Comune
777 429 811 457 di
838 429 950 456 Pavia
975 437 1036 465 per
1062 429 1093 456 la
1118 428 1242 457 offerta
1269 428 1390 457 votiva
1417 437 1436 456 a
1462 428 1496 456 S.
1523 428 1710 463 Agostino.

814 550 969 583 1630,
999 552 1264 583 111eugg109
1283 552 1336 576 O-

607 639 684 660 (Α1011,
702 639 737 659 del
754 639 837 660 Museo
853 638 933 660 Civico
947 640 969 660 di
986 636 1039 660 stor
1065 639 1149 660 Patria.
1168 651 1190 653 —
1207 639 1297 666 Regin.
1315 639 1414 665 Ρνονίε.1
1431 644 1504 665 paceo
1522 640 1561 661 10).

249 825 357 941 D
419 842 452 868 ΙΕ
477 846 567 868 110110
594 838 682 875 maii,
709 838 740 868 in
767 834 888 875 terciis,
918 838 1009 869 1530.

530 899 729 933 convocato
755 901 930 937 conscilio,
956 903 1016 932 etc.

531 962 608 994 Item
635 963 714 1002 quia
739 971 828 994 anno
855 963 1013 1003 preterito
1055 972 1120 993 non
1161 962 1221 993 fuit
1262 962 1350 993 facta
1387 962 1520 993 oblacio
1548 963 1578 992 in
1605 962 1787 993 testivitate
1814 964 1845 993 et
1871 963 1911 993 ad
1939 971 1993 994 ec-

170 1024 308 1057 clesiam
335 1025 441 1056 sancti
468 1024 660 1066 Augustini,
687 1025 779 1056 iuxta
805 1025 942 1056 ordines
968 1023 1206 1063 C01nunitatiS‚
1232 1028 1262 1056 et
1289 1034 1328 1056 ne
1354 1025 1516 1056 oblivioni
1537 1025 1695 1062 tradatur,
1721 1025 1876 1056 ordinant
1903 1025 1993 1065 quod

171 1087 225 1118 die
251 1087 446 1118 dominicha
474 1088 626 1127 proxime
652 1087 763 1118 futura
789 1088 844 1118 t'iat
871 1088 1058 1128 sol-empuis
1084 1088 1217 1118 oblacio
1245 1089 1337 1118 iuxta
1363 1088 1498 1118 solitum
1526 1088 1567 1119 ad
1595 1088 1717 1119 dictam
1745 1088 1936 1125 ecclesiam,
1963 1090 1993 1119 01

170 1149 293 1180 exinde
321 1150 352 1180 in
379 1150 431 1180 die
459 1149 653 1181 festivitatis
679 1150 784 1181 sancti
812 1149 991 1190 Augustini
1020 1151 1173 1190 proxime
1199 1150 1309 1181 futura
1335 1152 1365 1181 et
1391 1150 1439 1181 sic
1465 1150 1660 1181 successive
1701 1150 1790 1180 omni
1829 1158 1918 1180 anno
1956 1151 1986 1180 in

172 1214 371 1252 perpetuum
399 1212 492 1243 iuxta
518 1212 654 1243 solitum
681 1214 782 1252 atque
808 1212 1061 1243 ordinacionem
1089 1221 1155 1252 qua
1181 1212 1270 1243 omni
1297 1220 1385 1243 anno
1411 1211 1596 1243 offeruntur
1621 1212 1661 1242 ad
1691 1212 1797 1252 ipsam
1817 1212 1992 1243 ecclesiam

171 1275 273 1305 torcie
298 1274 414 1305 decem
442 1276 473 1305 et
499 1276 574 1305 octo
601 1283 698 1306 cere:
726 1274 763 1315 Et
789 1274 881 1315 quod
924 1275 1111 1314 requiratur
1148 1275 1306 1315 magister
1334 1274 1534 1306 Franciscus
1574 1275 1615 1306 de
1641 1276 1760 1306 sancto
1802 1273 1994 1314 Augustino

169 1336 328 1368 t'ictabilis
353 1334 581 1368 Comunitatis
606 1337 647 1367 de
672 1336 809 1368 florenis
835 1332 1015 1368 duodecim
1043 1337 1074 1368 in
1102 1338 1312 1377 perpetuum,
1338 1337 1417 1376 quia
1443 1336 1517 1367 licet
1543 1337 1706 1367 terminus
1744 1345 1808 1367 non
1835 1335 1934 1367 fuerit
1961 1337 1991 1366 in

169 1399 421 1439 presenciarum
448 1401 610 1436 maturus,
636 1399 727 1439 quod
754 1399 865 1430 solvat
890 1401 921 1430 et
946 1399 1108 1430 exburset
1134 1399 1298 1439 pecunias
1325 1407 1384 1439 pro
1411 1398 1572 1439 predictis
1598 1399 1711 1429 torciis
1726 1399 1840 1430 decem
1868 1401 1898 1429 et
1917 1401 1995 1429 octo

167 1461 335 1492 habendis
360 1464 392 1492 et
419 1470 505 1492 nunc
531 1461 724 1498 offersndis,
749 1470 813 1502 cuy
839 1461 895 1492 fiat
920 1458 1034 1492 debita
1059 1460 1232 1492 confessio
1257 1470 1297 1492 eo
1324 1460 1415 1500 quod
1443 1461 1516 1500 ipse
1543 1460 1754 1492 exbursabit.

843 1661 1318 1704 DOCCXXXVIII.

261 1780 505 1816 Disposizioni
530 1781 587 1809 del
613 1780 768 1809 Comune
794 1789 811 1809 e
837 1781 894 1809 del
920 1779 1019 1809 Duca
1043 1789 1105 1817 per
1131 1781 1165 1809 la
1190 1781 1275 1809 fiera
1301 1781 1335 1809 di
1362 1781 1397 1809 S.
1424 1781 1611 1816 Agostino.

576 1902 739 1934 1530,
766 1904 986 1935 agosto,
1019 1903 1079 1928 21
1098 1917 1131 1920 —
1151 1904 1501 1934 settexrxl)re‚
1533 1903 1585 1928 9.

591 2000 668 2023 (Arcu.
685 2000 721 2020 del
739 2000 823 2021 Museo
839 2000 918 2021 Civico
935 2000 956 2020 di
972 1999 1049 2021 Storia
1066 1999 1144 2021 Patria
1160 2011 1184 2013 ξ
1201 2000 1248 2020 Atti
1265 2000 1286 2020 di
1304 2000 1418 2025 Provvist,
1435 2006 1508 2026 paceo
1526 2001 1566 2020 101.

223 2183 374 2299 M
420 2201 535 2232 DXXX,
562 2197 615 2227 die
642 2196 713 2227 XXI
740 2197 888 2237 augusti.

529 2257 730 2290 Convocato
756 2258 910 2295 consilio,
936 2260 999 2289 010.

528 2320 693 2352 Ordinant
720 2320 811 2360 quod
839 2323 1007 2360 ponantur
1033 2320 1064 2351 in
1091 2321 1228 2360 scriptis
1242 2329 1280 2351 ea
1297 2329 1383 2360 quae
1401 2322 1479 2351 sunt
1497 2320 1697 2360 requirenda
1725 2320 1828 2351 1111110
1854 2321 1992 2351 domino

172 2386 309 2417 domino
336 2384 420 2415 Duci
446 2386 477 2415 01
503 2393 568 2424 que
595 2383 731 2423 quidem
758 2383 997 2423 requisitiones
1023 2384 1099 2413 sunt
1127 2382 1340 2423 infrascripte
1368 2382 1547 2413 videlicet:

260 2511 295 2541 30
323 2508 540 2549 Supplicatur
567 2508 658 2548 quod
686 2508 716 2538 in
742 2507 877 2538 civitate
905 2506 1009 2546 Papic
1037 2507 1104 2537 fieri
1132 2507 1265 2546 possint
1290 2506 1354 2537 due
1381 2506 1529 2536 nundine
1556 2506 1658 2537 1111010
1684 2506 1726 2537 ab
1752 2507 1841 2537 omni
1880 2515 1991 2545 onere,

172 2572 327 2603 videlicet
354 2572 385 2602 in
413 2579 527 2602 mense
554 2570 629 2601 maii
658 2570 775 2610 prima,
813 2569 964 2600 secunda
992 2577 1070 2599 vero
1097 2568 1126 2599 in
1155 2568 1241 2599 testo
1268 2568 1372 2599 sancti
1416 2567 1594 2609 Augustini
1621 2568 1662 2599 de
1690 2577 1804 2600 mense
1845 2569 1991 2609 augusti,

173 2642 258 2674 quae
286 2633 434 2664 nundine
460 2633 579 2664 durare
606 2632 751 2663 debeant
777 2631 970 2671 quindecim
997 2631 1070 2661 dies
1097 2639 1156 2670 pro
1182 2630 1316 2671 singula
1342 2632 1373 2661 et
1399 2630 1488 2661 dicto
1514 2632 1664 2670 tempore
1698 2631 1838 2662 durante
1864 2631 1991 2662 condu-

172 2698 285 2727 centes
312 2695 526 2727 mercimonia
552 2697 583 2726 et
610 2695 732 2734 pariter
757 2694 968 2724 abducentes
995 2693 1120 2724 nullum
1147 2693 1261 2723 datum
1289 2692 1421 2723 solvant
1448 2701 1508 2732 pro
1535 2693 1808 2732 quibuscumque
1834 2694 1935 2724 rebus
1960 2696 1991 2724 et

173 2758 272 2789 bonis
297 2758 341 2789 ibi
368 2757 601 2789 conducendis
626 2759 656 2788 01
681 2756 806 2788 exinde
831 2755 1054 2792 abducendis,
1081 2755 1302 2786 concedendo
1330 2754 1455 2794 prefate
1482 2753 1687 2786 Comunitati
1722 2755 1872 2786 sedimen
1905 2765 1990 2786 nunc

174 2828 315 2851 vacuum
341 2821 372 2850 et
397 2819 438 2850 ad
466 2819 590 2850 nullius
615 2827 724 2856 usum,
750 2818 943 2858 appelatum
972 2817 1015 2848 La
1042 2816 1204 2853 Darsena,
1231 2817 1261 2847 in
1288 2825 1355 2856 quo
1382 2817 1450 2848 t‘ieri
1477 2817 1622 2848 debeant
1648 2818 1720 2857 ipse
1736 2818 1883 2848 nundine
1897 2820 1927 2848 et
1944 2826 1991 2848 re-

174 2883 341 2921 ponantur
367 2881 582 2912 mercimonia
609 2883 639 2912 et
666 2882 869 2912 mercatores
896 2880 939 2910 ibi
966 2888 1040 2910 011111
1067 2880 1167 2910 rebus
1194 2879 1266 2910 suis
1292 2880 1391 2910 stare.

267 2943 359 2981 1530,
386 2943 439 2974 die
464 2943 484 2974 9
509 2943 724 2983 septembris.

263 3003 462 3037 Convocato
487 3005 661 3044 conscilio,
687 3008 749 3037 010.
