2305 3407
294 178 337 210 96

1051 386 1338 427 DCCLVII.

383 498 556 534 Religiosi
582 497 760 534 promossi
788 498 857 533 agli
883 497 1006 525 Ordini
1033 497 1137 525 sacri.

889 593 1027 623 1616,
1059 592 1278 618 (lioellll
1285 598 1380 623 ›re9
1412 592 1502 616 20.

841 681 907 702 Arcu.
925 681 1004 701 Notar.
1022 681 1043 701 di
1062 680 1131 701 Pavia
1149 692 1171 693 j
1189 680 1235 701 Atti
1252 680 1274 700 di
1291 679 1402 701 Riccardo
1418 679 1562 701 Rovescalar.

367 855 477 972 O
536 885 714 913 RDlNATlo
741 880 907 921 generalis
949 880 979 910 in
1021 879 1165 910 ecclesia
1207 878 1389 910 cathedrali
1415 880 1446 908 et
1471 878 1513 908 ad
1539 877 1642 909 altare
1669 878 1776 908 inaius
1803 877 1913 914 sancti,
1934 875 2108 917 Stephani,

557 946 646 974 tenta
673 952 730 983 per
756 943 928 973 dominum
955 940 1080 974 Galeaz
1105 942 1146 972 de
1174 941 1280 972 Baldo
1307 940 1366 973 Dei
1393 941 1499 979 gratia
1525 941 1722 981 episcopum
1742 940 2014 977 tiberiadensem,
2040 940 2109 972 suf-

371 1042 466 1043 em?
556 1006 752 1047 fraganeum
781 1006 811 1036 in
838 1005 981 1036 ecclesia
1009 1005 1175 1045 papiensi.

379 1069 428 1100 Ad
457 1069 752 1103 subdiaconatum,

377 1131 489 1162 Frater
516 1131 682 1162 lohannes
709 1130 828 1161 Petrus
854 1130 894 1160 de
921 1129 1082 1161 Vercellis
1108 1128 1249 1160 Ordinis
1275 1130 1382 1160 sancti
1409 1128 1589 1169 Augustini

378 1194 489 1225 Frater
516 1194 679 1224 loliannes
707 1192 918 1233 Augustinus
945 1193 985 1223 de
1012 1191 1134 1223 Sancto
1161 1191 1304 1223 Nazario
1330 1192 1468 1223 Ordinis
1496 1191 1737 1223 lleremitarum
1765 1191 1869 1222 sancti
1898 1190 2075 1231 Augustini

379 1256 490 1287 Frater
517 1255 636 1287 Petrus
664 1255 790 1287 Paulus
816 1256 856 1287 de
884 1254 1048 1287 Garlasco
1074 1254 1214 1286 Ordinis
1240 1255 1347 1286 sancti
1375 1254 1554 1295 Augustini

379 1319 490 1350 Frater
518 1318 712 1350 Alexander
737 1318 777 1348 de
805 1318 1002 1349 Mediolano
1029 1316 1168 1349 Ordinis
1195 1317 1436 1348 Heremitarum

379 1381 428 1412 Ad
456 1381 685 1417 diaconatum,

380 1443 491 1475 Frater
517 1443 668 1483 Angelus
694 1443 734 1474 de
761 1441 885 1474 Clierio
912 1442 1051 1473 Ordinis
1078 1443 1182 1473 sancti
1211 1442 1390 1483 Augustini
1417 1443 1633 1474 observantie

380 1505 492 1537 Frater
519 1505 667 1545 Raphael
695 1505 735 1536 de
762 1504 908 1536 Tertona
935 1503 1074 1535 Ordinis
1100 1505 1205 1535 sancti
1233 1503 1413 1544 Augustini

383 1568 493 1599 Frater
519 1567 731 1609 Augustinus
758 1567 797 1598 de
825 1567 966 1598 Invodio
993 1566 1132 1598 Ordinis
1159 1567 1401 1598 Hereniitarum
1428 1567 1533 1598 sancti
1562 1566 1754 1607 Augustini.

1046 1760 1359 1800 DCCLVIII.

378 1870 404 1898 Il
429 1869 544 1898 Priore
571 1870 735 1898 Generale
760 1870 845 1897 frate
870 1868 987 1905 Egidio
1013 1870 1054 1897 da
1079 1869 1220 1898 Viterbo
1257 1869 1454 1897 costituisee
1491 1878 1556 1897 una
1592 1868 1842 1897 Commissione
1867 1868 1899 1896 di
1924 1869 1987 1896 due
2024 1867 2111 1896 Reli-

291 1923 376 1959 giosi
401 1932 459 1960 per
486 1932 550 1951 una
574 1928 734 1951 vertenza
759 1923 812 1951 del
838 1923 1012 1951 Convento
1037 1923 1070 1951 di
1094 1923 1126 1951 S.
1154 1923 1323 1951 Mostiola.

922 2018 1068 2049 1617,
1098 2019 1381 2050 ge1111ni0,
1412 2018 1485 2042 1¹7.

845 2107 921 2130 (Ascli.
940 2107 1019 2128 Notar.
1037 2107 1058 2127 di
1076 2107 1153 2128 Pavia.
1187 2118 1193 2120 -
1210 2107 1258 2128 Atti
1274 2107 1296 2127 di
1312 2106 1431 2127 Sinibaldo
1448 2107 1552 2129 Ferrarii.

384 2292 469 2408 F
541 2309 661 2337 RATER
688 2304 827 2345 ligidius
854 2305 1087 2341 viterbiensis,
1115 2303 1208 2335 Prior
1234 2302 1410 2336 Generalis
1436 2304 1574 2336 Ordinis
1601 2304 1841 2336 l-leremitaruin
1869 2305 1974 2336 sancti
2002 2304 2115 2346 Augu-

564 2368 640 2399 stini
668 2368 938 2408 indignissimus,
965 2368 1217 2399 venerabilibus
1245 2368 1274 2398 in
1302 2366 1438 2399 Cliristo
1464 2367 1617 2398 eiusdem
1646 2367 1831 2408 Religionis
1869 2367 2028 2407 magistro
2055 2367 2116 2398 La-

512 2466 516 2467 ⁷
564 2439 640 2461 zaro
667 2431 858 2461 novariensi
887 2429 1091 2461 Provinciali
1119 2429 1296 2461 Provincie
1323 2433 1435 2461 nostre
1461 2430 1567 2461 sancti
1595 2429 1832 2470 Augustini‚et
1851 2430 2011 2469 magistro
2038 2429 2115 2460 For-

297 2497 412 2523 tunato
441 2492 543 2523 Priori
571 2496 759 2523 conventus
786 2493 889 2523 nostri
918 2493 1093 2532 papiensis
1120 2492 1271 2523 salutem.

386 2554 535 2586 Contulit
563 2564 597 2585 se
624 2555 664 2585 ad
693 2563 754 2585 nos
781 2555 940 2594 magister
968 2555 1111 2585 Michael
1141 2554 1303 2595 Angelius
1329 2556 1369 2586 de
1397 2554 1503 2592 Petra,
1530 2555 1697 2595 nobisque
1723 2555 1763 2586 de
1790 2555 1889 2585 rebus
1915 2554 1986 2585 suis
2013 2554 2113 2585 multa

297 2618 468 2657 exposuit,
496 2627 571 2656 que,
598 2617 642 2646 ob
669 2621 816 2647 nostram
844 2617 1044 2653 absentiam,
1070 2626 1143 2647 cum
1172 2617 1268 2656 plene
1294 2625 1311 2647 a
1339 2617 1437 2647 nobis
1463 2617 1622 2657 cognosci
1650 2626 1714 2647 non
1742 2617 1884 2656 possint.
1904 2619 1988 2647 recte
2015 2616 2112 2647 etiam

300 2680 439 2710 iudicari
468 2688 525 2718 per
552 2688 613 2709 nos
641 2679 774 2708 minime
802 2682 953 2718 possent.
980 2678 1066 2716 Quia
1095 2688 1174 2710 vero
1201 2679 1331 2709 iusticia
1369 2679 1488 2709 deesse
1515 2688 1579 2709 non
1618 2687 1813 2718 possumus,
1840 2687 1899 2718 pro
1925 2687 1990 2718 qua
2015 2678 2113 2708 etiam

298 2742 399 2772 vitain
426 2741 614 2781 exposituri
642 2748 770 2770 sumus.
797 2740 875 2779 quia
901 2741 999 2770 etiam
1029 2740 1113 2771 idern
1142 2741 1300 2780 magister
1328 2740 1473 2771 Micliael
1501 2739 1652 2780 Angelus
1677 2749 1748 2771 eam
1769 2741 1863 2771 unice
1889 2740 2114 2771 administrari

298 2804 400 2843 cupit.
427 2803 551 2834 idcirco
578 2803 618 2833 de
646 2805 755 2833 vestra
784 2802 912 2836 virtute,
941 2802 1137 2841 dilligentia,
1164 2802 1338 2841 gravitate,
1376 2802 1553 2842 probitate,
1592 2802 1791 2842 iusticiaque
1819 2803 1849 2833 in
1877 2802 2019 2833 vobis...
2047 2802 2118 2842 plu-

300 2867 416 2896 rimum
445 2864 635 2903 immisit...
661 2873 783 2895 causas
809 2873 1042 2904 quascumque
1069 2867 1135 2895 tum
1162 2864 1280 2895 civiles
1307 2868 1374 2895 tuni
1393 2864 1584 2895 criminales
1610 2868 1640 2895 et
1666 2865 1706 2895 de
1733 2865 2005 2904 quibuscumque
2020 2864 2062 2896 ab
2077 2873 2116 2895 eo

301 2937 359 2967 pro
386 2928 516 2959 iusticia
543 2928 644 2958 eratis
670 2927 833 2967 requisiti,
861 2927 959 2957 vobis
987 2927 1132 2964 insimul,
1169 2935 1242 2957 cum
1281 2927 1371 2957 omni
1410 2929 1523 2957 nostra
1560 2927 1757 2957 auctoritate
1794 2927 2034 2958 committimus
2060 2935 2118 2966 per

302 2992 486 3029 presentes.
514 2989 551 3020 Et
578 2988 769 3029 proptlerea
797 2989 997 3020 mandamus
1024 2987 1135 3026 vobis!
1177 2991 1209 3019 ut
1251 2989 1437 3029 disquirere
1478 2989 1747 3029 dilligentissime
1787 2989 1940 3020 debeatis
1968 2997 2009 3020 an
2039 2997 2119 3020 con-

302 3054 426 3082 tractus
453 3052 537 3082 inter
562 3054 763 3082 conventum
801 3053 915 3082 sancte
953 3050 1126 3082 Mustiolle
1153 3053 1184 3082 et
1211 3049 1249 3082 D.
1277 3050 1500 3082 Octavianum
1539 3053 1570 3082 et
1607 3050 1836 3083 Alexandrum
1869 3060 1911 3082 ex
1937 3050 2119 3082 comitibus
