<?xml version="1.0" encoding="UTF-8"?>
<!DOCTYPE html PUBLIC "-//W3C//DTD XHTML 1.0 Transitional//EN"
    "http://www.w3.org/TR/xhtml1/DTD/xhtml1-transitional.dtd">
<html xmlns="http://www.w3.org/1999/xhtml" xml:lang="en" lang="en">
 <head>
  <title>
</title>
<meta http-equiv="Content-Type" content="text/html;charset=utf-8" />
  <meta name='ocr-system' content='tesseract 3.04.00' />
  <meta name='ocr-capabilities' content='ocr_page ocr_carea ocr_par ocr_line ocrx_word'/>
</head>
<body>
  <div class='ocr_page' id='page_1' title='image "./codexdiplomaticu03maiouoft_0385.png"; bbox 0 0 2305 3407; ppageno 0'>
   <div class='ocr_carea' id='block_1_1' title="bbox 1918 142 1982 173">
    <p class='ocr_par' dir='ltr' id='par_1_1' title="bbox 1918 142 1982 173">
     <span class='ocr_line' id='line_1_1' title="bbox 1918 142 1982 173; baseline -0.031 0"><span class='ocrx_word' id='word_1_1' title='bbox 1918 142 1982 173; x_wconf 84' lang='lat'><strong>297</strong></span> 
     </span>
    </p>
   </div>
   <div class='ocr_carea' id='block_1_2' title="bbox 203 218 840 224">
    <p class='ocr_par' dir='ltr' id='par_1_2' title="bbox 203 218 840 224">
     <span class='ocr_line' id='line_1_2' title="bbox 203 218 840 224; baseline 0 0"><span class='ocrx_word' id='word_1_2' title='bbox 203 218 840 224; x_wconf 95' lang='lat' dir='ltr'><strong> </strong></span> 
     </span>
    </p>
   </div>
   <div class='ocr_carea' id='block_1_3' title="bbox 164 279 1986 820">
    <p class='ocr_par' dir='ltr' id='par_1_3' title="bbox 164 279 1986 820">
     <span class='ocr_line' id='line_1_3' title="bbox 166 279 1985 320; baseline -0.002 -5"><span class='ocrx_word' id='word_1_3' title='bbox 166 286 197 316; x_wconf 90' lang='lat' dir='ltr'><strong>et</strong></span> <span class='ocrx_word' id='word_1_4' title='bbox 222 284 489 315; x_wconf 88' lang='lat' dir='ltr'><strong>iurisdictionem</strong></span> <span class='ocrx_word' id='word_1_5' title='bbox 517 292 581 314; x_wconf 89' lang='lat' dir='ltr'><strong>non</strong></span> <span class='ocrx_word' id='word_1_6' title='bbox 609 282 770 314; x_wconf 80' lang='lat' dir='ltr'>habuisse</span> <span class='ocrx_word' id='word_1_7' title='bbox 805 290 863 312; x_wconf 89' lang='lat' dir='ltr'><strong>nec</strong></span> <span class='ocrx_word' id='word_1_8' title='bbox 889 289 1045 312; x_wconf 89' lang='lat' dir='ltr'><strong>exercere</strong></span> <span class='ocrx_word' id='word_1_9' title='bbox 1072 289 1229 320; x_wconf 88' lang='lat' dir='ltr'><strong>posse...</strong></span> <span class='ocrx_word' id='word_1_10' title='bbox 1256 282 1285 310; x_wconf 89' lang='lat' dir='ltr'><strong>et</strong></span> <span class='ocrx_word' id='word_1_11' title='bbox 1313 280 1367 310; x_wconf 90' lang='lat' dir='ltr'><strong>ubi</strong></span> <span class='ocrx_word' id='word_1_12' title='bbox 1395 280 1541 319; x_wconf 78' lang='lat' dir='ltr'>aliquam</span> <span class='ocrx_word' id='word_1_13' title='bbox 1569 279 1835 311; x_wconf 85' lang='lat' dir='ltr'><strong>iurisdictionem</strong></span> <span class='ocrx_word' id='word_1_14' title='bbox 1864 280 1985 311; x_wconf 84' lang='lat' dir='ltr'><strong>liabere</strong></span> 
     </span>
     <span class='ocr_line' id='line_1_4' title="bbox 165 340 1986 387; baseline -0.002 -10"><span class='ocrx_word' id='word_1_15' title='bbox 165 349 294 387; x_wconf 75' lang='lat' dir='ltr'><strong>posset,</strong></span> <span class='ocrx_word' id='word_1_16' title='bbox 319 345 412 386; x_wconf 85' lang='lat' dir='ltr'><strong>quod</strong></span> <span class='ocrx_word' id='word_1_17' title='bbox 439 354 503 376; x_wconf 91' lang='lat' dir='ltr'><strong>non</strong></span> <span class='ocrx_word' id='word_1_18' title='bbox 530 344 715 376; x_wconf 76' lang='lat' dir='ltr'>admittitur</span> <span class='ocrx_word' id='word_1_19' title='bbox 741 352 799 374; x_wconf 91' lang='lat' dir='ltr'><strong>nec</strong></span> <span class='ocrx_word' id='word_1_20' title='bbox 825 342 958 379; x_wconf 88' lang='lat' dir='ltr'><strong>fatetur,</strong></span> <span class='ocrx_word' id='word_1_21' title='bbox 977 342 1068 382; x_wconf 87' lang='lat' dir='ltr'><strong>quod</strong></span> <span class='ocrx_word' id='word_1_22' title='bbox 1096 343 1168 382; x_wconf 90' lang='lat' dir='ltr'><strong>ipse</strong></span> <span class='ocrx_word' id='word_1_23' title='bbox 1195 342 1403 373; x_wconf 88' lang='lat' dir='ltr'><strong>reverendus</strong></span> <span class='ocrx_word' id='word_1_24' title='bbox 1428 341 1586 372; x_wconf 89' lang='lat' dir='ltr'><strong>dominus</strong></span> <span class='ocrx_word' id='word_1_25' title='bbox 1621 340 1774 372; x_wconf 75' lang='lat' dir='ltr'>Andreas</span> <span class='ocrx_word' id='word_1_26' title='bbox 1800 341 1861 372; x_wconf 89' lang='lat' dir='ltr'><strong>fuit</strong></span> <span class='ocrx_word' id='word_1_27' title='bbox 1887 345 1917 372; x_wconf 86' lang='lat' dir='ltr'><strong>et</strong></span> <span class='ocrx_word' id='word_1_28' title='bbox 1936 346 1986 374; x_wconf 85' lang='lat' dir='ltr'><strong>est</strong></span> 
     </span>
     <span class='ocr_line' id='line_1_5' title="bbox 164 402 1985 449; baseline -0.003 -10"><span class='ocrx_word' id='word_1_29' title='bbox 164 408 250 449; x_wconf 75' lang='lat' dir='ltr'><strong>ipsis</strong></span> <span class='ocrx_word' id='word_1_30' title='bbox 275 408 422 439; x_wconf 77' lang='lat' dir='ltr'><strong>dominis</strong></span> <span class='ocrx_word' id='word_1_31' title='bbox 457 407 638 447; x_wconf 78' lang='lat' dir='ltr'><strong>Religiosis</strong></span> <span class='ocrx_word' id='word_1_32' title='bbox 665 406 787 437; x_wconf 89' lang='lat' dir='ltr'><strong>nedum</strong></span> <span class='ocrx_word' id='word_1_33' title='bbox 813 406 1004 445; x_wconf 84' lang='lat' dir='ltr'><strong>suspectus,</strong></span> <span class='ocrx_word' id='word_1_34' title='bbox 1031 404 1091 435; x_wconf 85' lang='lat' dir='ltr'><strong>sed</strong></span> <span class='ocrx_word' id='word_1_35' title='bbox 1118 406 1150 434; x_wconf 92' lang='lat' dir='ltr'><strong>et</strong></span> <span class='ocrx_word' id='word_1_36' title='bbox 1183 403 1474 443; x_wconf 83' lang='lat' dir='ltr'><strong>suspectissimus,</strong></span> <span class='ocrx_word' id='word_1_37' title='bbox 1495 402 1606 433; x_wconf 87' lang='lat' dir='ltr'><strong>multis</strong></span> <span class='ocrx_word' id='word_1_38' title='bbox 1634 403 1770 442; x_wconf 84' lang='lat' dir='ltr'><strong>quidem</strong></span> <span class='ocrx_word' id='word_1_39' title='bbox 1798 404 1985 435; x_wconf 83' lang='lat' dir='ltr'><strong>rationibus</strong></span> 
     </span>
     <span class='ocr_line' id='line_1_6' title="bbox 165 465 1982 508; baseline -0.003 -6"><span class='ocrx_word' id='word_1_40' title='bbox 165 472 197 502; x_wconf 91' lang='lat' dir='ltr'><strong>et</strong></span> <span class='ocrx_word' id='word_1_41' title='bbox 221 470 335 502; x_wconf 90' lang='lat' dir='ltr'><strong>causis</strong></span> <span class='ocrx_word' id='word_1_42' title='bbox 367 469 577 501; x_wconf 82' lang='lat' dir='ltr'><strong>deducendis</strong></span> <span class='ocrx_word' id='word_1_43' title='bbox 602 470 632 499; x_wconf 87' lang='lat' dir='ltr'><strong>et</strong></span> <span class='ocrx_word' id='word_1_44' title='bbox 663 467 854 508; x_wconf 81' lang='lat' dir='ltr'><strong>allegandis</strong></span> <span class='ocrx_word' id='word_1_45' title='bbox 886 475 997 498; x_wconf 89' lang='lat' dir='ltr'><strong>coram</strong></span> <span class='ocrx_word' id='word_1_46' title='bbox 1029 466 1164 497; x_wconf 87' lang='lat' dir='ltr'><strong>arbitris</strong></span> <span class='ocrx_word' id='word_1_47' title='bbox 1197 466 1289 502; x_wconf 92' lang='lat' dir='ltr'><strong>iuri·‚</strong></span> <span class='ocrx_word' id='word_1_48' title='bbox 1315 467 1346 496; x_wconf 88' lang='lat' dir='ltr'><strong>et</strong></span> <span class='ocrx_word' id='word_1_49' title='bbox 1371 465 1413 496; x_wconf 92' lang='lat' dir='ltr'><strong>ad</strong></span> <span class='ocrx_word' id='word_1_50' title='bbox 1447 465 1651 504; x_wconf 81' lang='lat' dir='ltr'><strong>elligendum</strong></span> <span class='ocrx_word' id='word_1_51' title='bbox 1678 468 1708 496; x_wconf 86' lang='lat' dir='ltr'><strong>et</strong></span> <span class='ocrx_word' id='word_1_52' title='bbox 1742 466 1982 497; x_wconf 76' lang='lat' dir='ltr'><strong>nominamlum</strong></span> 
     </span>
     <span class='ocr_line' id='line_1_7' title="bbox 164 527 1985 572; baseline -0.002 -9"><span class='ocrx_word' id='word_1_53' title='bbox 164 532 310 572; x_wconf 78' lang='lat' dir='ltr'><strong>aliquem</strong></span> <span class='ocrx_word' id='word_1_54' title='bbox 338 532 368 562; x_wconf 92' lang='lat' dir='ltr'><strong>in</strong></span> <span class='ocrx_word' id='word_1_55' title='bbox 394 531 553 562; x_wconf 90' lang='lat' dir='ltr'><strong>arbitrum</strong></span> <span class='ocrx_word' id='word_1_56' title='bbox 580 531 661 561; x_wconf 90' lang='lat' dir='ltr'><strong>iuris</strong></span> <span class='ocrx_word' id='word_1_57' title='bbox 688 531 721 561; x_wconf 92' lang='lat' dir='ltr'><strong>ut</strong></span> <span class='ocrx_word' id='word_1_58' title='bbox 746 538 860 570; x_wconf 89' lang='lat' dir='ltr'><strong>supra,</strong></span> <span class='ocrx_word' id='word_1_59' title='bbox 886 538 988 569; x_wconf 90' lang='lat' dir='ltr'><strong>super</strong></span> <span class='ocrx_word' id='word_1_60' title='bbox 1013 528 1102 560; x_wconf 92' lang='lat' dir='ltr'><strong>dicta</strong></span> <span class='ocrx_word' id='word_1_61' title='bbox 1128 528 1335 568; x_wconf 80' lang='lat' dir='ltr'><strong>suspicione,</strong></span> <span class='ocrx_word' id='word_1_62' title='bbox 1361 529 1393 558; x_wconf 93' lang='lat' dir='ltr'><strong>et</strong></span> <span class='ocrx_word' id='word_1_63' title='bbox 1417 527 1459 558; x_wconf 90' lang='lat' dir='ltr'><strong>ad</strong></span> <span class='ocrx_word' id='word_1_64' title='bbox 1487 527 1664 558; x_wconf 90' lang='lat' dir='ltr'><strong>iurandum</strong></span> <span class='ocrx_word' id='word_1_65' title='bbox 1692 528 1801 568; x_wconf 87' lang='lat' dir='ltr'><strong>ipsum</strong></span> <span class='ocrx_word' id='word_1_66' title='bbox 1830 538 1985 560; x_wconf 86' lang='lat' dir='ltr'><strong>reveren--</strong></span> 
     </span>
     <span class='ocr_line' id='line_1_8' title="bbox 164 590 1983 631; baseline -0.001 -7"><span class='ocrx_word' id='word_1_67' title='bbox 164 594 243 625; x_wconf 89' lang='lat' dir='ltr'><strong>dum</strong></span> <span class='ocrx_word' id='word_1_68' title='bbox 268 593 440 624; x_wconf 87' lang='lat' dir='ltr'><strong>dominum</strong></span> <span class='ocrx_word' id='word_1_69' title='bbox 468 591 635 623; x_wconf 87' lang='lat' dir='ltr'><strong>Andream</strong></span> <span class='ocrx_word' id='word_1_70' title='bbox 662 600 727 622; x_wconf 91' lang='lat' dir='ltr'><strong>non</strong></span> <span class='ocrx_word' id='word_1_71' title='bbox 755 592 908 631; x_wconf 81' lang='lat' dir='ltr'><strong>potuisse</strong></span> <span class='ocrx_word' id='word_1_72' title='bbox 934 600 994 622; x_wconf 88' lang='lat' dir='ltr'><strong>nec</strong></span> <span class='ocrx_word' id='word_1_73' title='bbox 1022 599 1124 631; x_wconf 80' lang='lat' dir='ltr'><strong>posse</strong></span> <span class='ocrx_word' id='word_1_74' title='bbox 1159 590 1299 621; x_wconf 84' lang='lat' dir='ltr'><strong>ulterius</strong></span> <span class='ocrx_word' id='word_1_75' title='bbox 1325 598 1427 629; x_wconf 88' lang='lat' dir='ltr'><strong>super</strong></span> <span class='ocrx_word' id='word_1_76' title='bbox 1451 592 1582 620; x_wconf 88' lang='lat' dir='ltr'><strong>asserto</strong></span> <span class='ocrx_word' id='word_1_77' title='bbox 1609 590 1716 629; x_wconf 88' lang='lat' dir='ltr'><strong>primo</strong></span> <span class='ocrx_word' id='word_1_78' title='bbox 1741 592 1816 621; x_wconf 88' lang='lat' dir='ltr'><strong>actu</strong></span> <span class='ocrx_word' id='word_1_79' title='bbox 1844 594 1874 621; x_wconf 90' lang='lat' dir='ltr'><strong>et</strong></span> <span class='ocrx_word' id='word_1_80' title='bbox 1907 594 1983 622; x_wconf 83' lang='lat' dir='ltr'><strong>ante</strong></span> 
     </span>
     <span class='ocr_line' id='line_1_9' title="bbox 164 652 1984 693; baseline -0.001 -7"><span class='ocrx_word' id='word_1_81' title='bbox 164 656 327 687; x_wconf 83' lang='lat' dir='ltr'><strong>firmatam</strong></span> <span class='ocrx_word' id='word_1_82' title='bbox 353 655 383 686; x_wconf 90' lang='lat' dir='ltr'><strong>in</strong></span> <span class='ocrx_word' id='word_1_83' title='bbox 410 663 485 686; x_wconf 89' lang='lat' dir='ltr'><strong>eum</strong></span> <span class='ocrx_word' id='word_1_84' title='bbox 513 654 790 691; x_wconf 88' lang='lat' dir='ltr'><strong>iurisdictionem,</strong></span> <span class='ocrx_word' id='word_1_85' title='bbox 808 653 850 684; x_wconf 90' lang='lat' dir='ltr'><strong>ad</strong></span> <span class='ocrx_word' id='word_1_86' title='bbox 877 653 990 693; x_wconf 86' lang='lat' dir='ltr'><strong>aliqua</strong></span> <span class='ocrx_word' id='word_1_87' title='bbox 1016 655 1146 684; x_wconf 90' lang='lat' dir='ltr'><strong>asserta</strong></span> <span class='ocrx_word' id='word_1_88' title='bbox 1173 652 1328 683; x_wconf 82' lang='lat' dir='ltr'><strong>ulteriora</strong></span> <span class='ocrx_word' id='word_1_89' title='bbox 1355 652 1550 692; x_wconf 85' lang='lat' dir='ltr'><strong>procedere;</strong></span> <span class='ocrx_word' id='word_1_90' title='bbox 1569 653 1661 692; x_wconf 85' lang='lat' dir='ltr'><strong>quod</strong></span> <span class='ocrx_word' id='word_1_91' title='bbox 1681 653 1707 683; x_wconf 90' lang='lat' dir='ltr'><strong>si</strong></span> <span class='ocrx_word' id='word_1_92' title='bbox 1734 661 1833 683; x_wconf 90' lang='lat' dir='ltr'><strong>secus</strong></span> <span class='ocrx_word' id='word_1_93' title='bbox 1859 652 1984 689; x_wconf 85' lang='lat' dir='ltr'><strong>fecerit,</strong></span> 
     </span>
     <span class='ocr_line' id='line_1_10' title="bbox 165 714 1986 757; baseline -0.002 -8"><span class='ocrx_word' id='word_1_94' title='bbox 165 726 183 749; x_wconf 90' lang='lat' dir='ltr'><strong>a</strong></span> <span class='ocrx_word' id='word_1_95' title='bbox 209 725 369 757; x_wconf 89' lang='lat' dir='ltr'><strong>processu</strong></span> <span class='ocrx_word' id='word_1_96' title='bbox 399 718 431 747; x_wconf 90' lang='lat' dir='ltr'><strong>et</strong></span> <span class='ocrx_word' id='word_1_97' title='bbox 455 716 497 747; x_wconf 88' lang='lat' dir='ltr'><strong>ab</strong></span> <span class='ocrx_word' id='word_1_98' title='bbox 523 716 613 746; x_wconf 91' lang='lat' dir='ltr'><strong>omni</strong></span> <span class='ocrx_word' id='word_1_99' title='bbox 641 715 742 753; x_wconf 91' lang='lat' dir='ltr'><strong>illato,</strong></span> <span class='ocrx_word' id='word_1_100' title='bbox 768 715 971 747; x_wconf 72' lang='lat' dir='ltr'><strong>comminato</strong></span> <span class='ocrx_word' id='word_1_101' title='bbox 997 717 1028 746; x_wconf 90' lang='lat' dir='ltr'><strong>et</strong></span> <span class='ocrx_word' id='word_1_102' title='bbox 1054 714 1228 746; x_wconf 86' lang='lat' dir='ltr'><strong>resultanti</strong></span> <span class='ocrx_word' id='word_1_103' title='bbox 1262 714 1456 754; x_wconf 84' lang='lat' dir='ltr'><strong>gravamine</strong></span> <span class='ocrx_word' id='word_1_104' title='bbox 1481 723 1522 745; x_wconf 89' lang='lat' dir='ltr'><strong>ex</strong></span> <span class='ocrx_word' id='word_1_105' title='bbox 1551 714 1737 754; x_wconf 85' lang='lat' dir='ltr'><strong>premissis,</strong></span> <span class='ocrx_word' id='word_1_106' title='bbox 1763 717 1795 745; x_wconf 84' lang='lat' dir='ltr'><strong>et</strong></span> <span class='ocrx_word' id='word_1_107' title='bbox 1827 715 1904 746; x_wconf 89' lang='lat' dir='ltr'><strong>aliis</strong></span> <span class='ocrx_word' id='word_1_108' title='bbox 1929 715 1986 746; x_wconf 87' lang='lat' dir='ltr'><strong>de-</strong></span> 
     </span>
     <span class='ocr_line' id='line_1_11' title="bbox 165 775 1986 820; baseline -0.001 -10"><span class='ocrx_word' id='word_1_109' title='bbox 165 779 401 820; x_wconf 77' lang='lat' dir='ltr'><strong>pendentibus,</strong></span> <span class='ocrx_word' id='word_1_110' title='bbox 433 778 683 819; x_wconf 87' lang='lat' dir='ltr'><strong>emergentibus</strong></span> <span class='ocrx_word' id='word_1_111' title='bbox 715 786 754 809; x_wconf 87' lang='lat' dir='ltr'><strong>ac</strong></span> <span class='ocrx_word' id='word_1_112' title='bbox 786 778 962 815; x_wconf 85' lang='lat' dir='ltr'><strong>connexis,</strong></span> <span class='ocrx_word' id='word_1_113' title='bbox 995 779 1182 818; x_wconf 88' lang='lat' dir='ltr'><strong>provocant</strong></span> <span class='ocrx_word' id='word_1_114' title='bbox 1211 778 1246 810; x_wconf 71' lang='lat' dir='ltr'><strong>‚et</strong></span> <span class='ocrx_word' id='word_1_115' title='bbox 1276 776 1449 816; x_wconf 89' lang='lat' dir='ltr'><strong>appellant</strong></span> <span class='ocrx_word' id='word_1_116' title='bbox 1481 776 1523 807; x_wconf 93' lang='lat' dir='ltr'><strong>ad</strong></span> <span class='ocrx_word' id='word_1_117' title='bbox 1557 778 1706 808; x_wconf 87' lang='lat' dir='ltr'><strong>sanctam</strong></span> <span class='ocrx_word' id='word_1_118' title='bbox 1740 775 1861 808; x_wconf 71' lang='lat' dir='ltr'><strong>Sedent</strong></span> <span class='ocrx_word' id='word_1_119' title='bbox 1896 776 1986 817; x_wconf 91' lang='lat' dir='ltr'><strong>Apo-</strong></span> 
     </span>
    </p>
   </div>
   <div class='ocr_carea' id='block_1_4' title="bbox 168 838 506 880">
    <p class='ocr_par' dir='ltr' id='par_1_4' title="bbox 168 838 506 880">
     <span class='ocr_line' id='line_1_12' title="bbox 168 838 506 880; baseline -0.003 -8"><span class='ocrx_word' id='word_1_120' title='bbox 168 841 333 879; x_wconf 76' lang='lat' dir='ltr'><strong>stoHcam,</strong></span> <span class='ocrx_word' id='word_1_121' title='bbox 358 842 419 872; x_wconf 89' lang='lat' dir='ltr'><strong>etc.</strong></span> <span class='ocrx_word' id='word_1_122' title='bbox 443 838 506 880; x_wconf 88' lang='lat' dir='ltr'><strong>(l).</strong></span> 
     </span>
    </p>
   </div>
   <div class='ocr_carea' id='block_1_5' title="bbox 878 1040 1280 1080">
    <p class='ocr_par' dir='ltr' id='par_1_5' title="bbox 878 1040 1280 1080">
     <span class='ocr_line' id='line_1_13' title="bbox 878 1040 1280 1080; baseline -0.005 0"><span class='ocrx_word' id='word_1_123' title='bbox 878 1040 1280 1080; x_wconf 88' lang='lat' dir='ltr'>CMLXXXIX.</span> 
     </span>
    </p>
   </div>
   <div class='ocr_carea' id='block_1_6' title="bbox 256 1149 1391 1302">
    <p class='ocr_par' dir='ltr' id='par_1_6' title="bbox 256 1149 1391 1302">
     <span class='ocr_line' id='line_1_14' title="bbox 256 1149 1391 1186; baseline -0.002 -8"><span class='ocrx_word' id='word_1_124' title='bbox 256 1151 480 1179; x_wconf 73' lang='lat' dir='ltr'><strong>Professione</strong></span> <span class='ocrx_word' id='word_1_125' title='bbox 506 1150 672 1186; x_wconf 80' lang='lat' dir='ltr'><strong>religiosa</strong></span> <span class='ocrx_word' id='word_1_126' title='bbox 698 1150 732 1177; x_wconf 92' lang='lat' dir='ltr'><strong>di</strong></span> <span class='ocrx_word' id='word_1_127' title='bbox 758 1150 844 1177; x_wconf 84' lang='lat' dir='ltr'><strong>frate</strong></span> <span class='ocrx_word' id='word_1_128' title='bbox 870 1150 975 1177; x_wconf 79' lang='lat' dir='ltr'><strong>Paolo</strong></span> <span class='ocrx_word' id='word_1_129' title='bbox 1001 1149 1188 1177; x_wconf 60' lang='lat' dir='ltr'><strong>Camascht</strong></span> <span class='ocrx_word' id='word_1_130' title='bbox 1214 1149 1248 1177; x_wconf 92' lang='lat' dir='ltr'><strong>di</strong></span> <span class='ocrx_word' id='word_1_131' title='bbox 1275 1149 1391 1177; x_wconf 80' lang='lat' dir='ltr'><strong>Pavia.</strong></span> 
     </span>
     <span class='ocr_line' id='line_1_15' title="bbox 762 1271 1381 1302; baseline -0.002 -6"><span class='ocrx_word' id='word_1_132' title='bbox 762 1271 925 1302; x_wconf 70' lang='lat'><strong>1362,</strong></span> <span class='ocrx_word' id='word_1_133' title='bbox 957 1272 1262 1296; x_wconf 58' lang='grc' dir='ltr'><strong>(Ιὶοθιιὶὶινε-</strong></span> <span class='ocrx_word' id='word_1_134' title='bbox 1295 1271 1381 1295; x_wconf 77' lang='lat'><strong>19.</strong></span> 
     </span>
    </p>
   </div>
   <div class='ocr_carea' id='block_1_7' title="bbox 745 1385 1412 1408">
    <p class='ocr_par' dir='ltr' id='par_1_7' title="bbox 745 1385 1412 1408">
     <span class='ocr_line' id='line_1_16' title="bbox 745 1385 1412 1408; baseline -0.003 -1"><span class='ocrx_word' id='word_1_135' title='bbox 745 1386 823 1408; x_wconf 72' lang='lat' dir='ltr'><strong>(Arclt.</strong></span> <span class='ocrx_word' id='word_1_136' title='bbox 841 1385 893 1406; x_wconf 83' lang='lat' dir='ltr'><strong>Not.</strong></span> <span class='ocrx_word' id='word_1_137' title='bbox 910 1386 931 1406; x_wconf 86' lang='lat' dir='ltr'><strong>di</strong></span> <span class='ocrx_word' id='word_1_138' title='bbox 949 1385 1018 1406; x_wconf 72' lang='lat' dir='ltr'><strong>pavia</strong></span> <span class='ocrx_word' id='word_1_139' title='bbox 1037 1397 1055 1398; x_wconf 31' lang='lat' dir='ltr'><em>j</em></span> <span class='ocrx_word' id='word_1_140' title='bbox 1075 1385 1122 1406; x_wconf 85' lang='lat' dir='ltr'><strong>Atti</strong></span> <span class='ocrx_word' id='word_1_141' title='bbox 1139 1386 1159 1405; x_wconf 84' lang='lat' dir='ltr'><strong>di</strong></span> <span class='ocrx_word' id='word_1_142' title='bbox 1177 1385 1301 1406; x_wconf 63' lang='lat' dir='ltr'><strong>Giinitorto</strong></span> <span class='ocrx_word' id='word_1_143' title='bbox 1317 1385 1390 1406; x_wconf 85' lang='lat' dir='ltr'><strong>Scotti</strong></span> <span class='ocrx_word' id='word_1_144' title='bbox 1410 1402 1412 1405; x_wconf 96' lang='lat'>.</span> 
     </span>
    </p>
   </div>
   <div class='ocr_carea' id='block_1_8' title="bbox 167 1542 1995 2468">
    <p class='ocr_par' dir='ltr' id='par_1_8' title="bbox 167 1542 1995 2468">
     <span class='ocr_line' id='line_1_17' title="bbox 239 1542 1987 1658; baseline -0.001 -69"><span class='ocrx_word' id='word_1_145' title='bbox 239 1542 356 1658; x_wconf 86' lang='lat' dir='ltr'>N</span> <span class='ocrx_word' id='word_1_146' title='bbox 416 1562 458 1588; x_wconf 71' lang='grc' dir='ltr'><strong>ΕΙ,</strong></span> <span class='ocrx_word' id='word_1_147' title='bbox 484 1559 640 1589; x_wconf 80' lang='lat' dir='ltr'><strong>convento</strong></span> <span class='ocrx_word' id='word_1_148' title='bbox 674 1558 707 1589; x_wconf 77' lang='lat' dir='ltr'><strong>(li</strong></span> <span class='ocrx_word' id='word_1_149' title='bbox 739 1556 771 1589; x_wconf 87' lang='lat' dir='ltr'><strong>S.</strong></span> <span class='ocrx_word' id='word_1_150' title='bbox 805 1557 976 1597; x_wconf 78' lang='lat' dir='ltr'><strong>Agosti&#39;no,</strong></span> <span class='ocrx_word' id='word_1_151' title='bbox 1004 1556 1150 1587; x_wconf 73' lang='lat' dir='ltr'><strong>adunato</strong></span> <span class='ocrx_word' id='word_1_152' title='bbox 1175 1556 1199 1587; x_wconf 84' lang='lat' dir='ltr'><strong>il</strong></span> <span class='ocrx_word' id='word_1_153' title='bbox 1236 1555 1399 1596; x_wconf 65' lang='lat' dir='ltr'><strong>Capitoli),</strong></span> <span class='ocrx_word' id='word_1_154' title='bbox 1426 1556 1466 1587; x_wconf 94' lang='lat' dir='ltr'><strong>de</strong></span> <span class='ocrx_word' id='word_1_155' title='bbox 1493 1556 1651 1587; x_wconf 88' lang='lat' dir='ltr'><strong>mandato</strong></span> <span class='ocrx_word' id='word_1_156' title='bbox 1685 1557 1858 1588; x_wconf 86' lang='lat' dir='ltr'><strong>reverendi</strong></span> <span class='ocrx_word' id='word_1_157' title='bbox 1893 1566 1987 1588; x_wconf 88' lang='lat' dir='ltr'><strong>sacre</strong></span> 
     </span>
     <span class='ocr_line' id='line_1_18' title="bbox 436 1618 1991 1661; baseline -0.001 -10"><span class='ocrx_word' id='word_1_158' title='bbox 436 1620 581 1661; x_wconf 86' lang='lat' dir='ltr'><strong>teologie</strong></span> <span class='ocrx_word' id='word_1_159' title='bbox 608 1620 758 1660; x_wconf 85' lang='lat' dir='ltr'><strong>magistri</strong></span> <span class='ocrx_word' id='word_1_160' title='bbox 785 1619 909 1650; x_wconf 89' lang='lat' dir='ltr'><strong>domini</strong></span> <span class='ocrx_word' id='word_1_161' title='bbox 938 1618 1049 1650; x_wconf 83' lang='lat' dir='ltr'><strong>fratris</strong></span> <span class='ocrx_word' id='word_1_162' title='bbox 1075 1618 1207 1650; x_wconf 88' lang='lat' dir='ltr'><strong>Andree</strong></span> <span class='ocrx_word' id='word_1_163' title='bbox 1234 1619 1274 1650; x_wconf 89' lang='lat' dir='ltr'><strong>de</strong></span> <span class='ocrx_word' id='word_1_164' title='bbox 1301 1618 1576 1650; x_wconf 85' lang='lat' dir='ltr'><strong>Montecausario</strong></span> <span class='ocrx_word' id='word_1_165' title='bbox 1604 1618 1739 1656; x_wconf 71' lang='lat' dir='ltr'><strong>prioris,</strong></span> <span class='ocrx_word' id='word_1_166' title='bbox 1767 1620 1797 1650; x_wconf 84' lang='lat' dir='ltr'><strong>in</strong></span> <span class='ocrx_word' id='word_1_167' title='bbox 1816 1620 1869 1651; x_wconf 80' lang='lat' dir='ltr'><strong>cui</strong></span> <span class='ocrx_word' id='word_1_168' title='bbox 1892 1629 1991 1651; x_wconf 74' lang='lat' dir='ltr'><strong>erano</strong></span> 
     </span>
     <span class='ocr_line' id='line_1_19' title="bbox 435 1681 1989 1724; baseline 0.001 -10"><span class='ocrx_word' id='word_1_169' title='bbox 435 1682 539 1714; x_wconf 76' lang='lat' dir='ltr'><strong>anche</strong></span> <span class='ocrx_word' id='word_1_170' title='bbox 573 1683 733 1723; x_wconf 85' lang='lat' dir='ltr'><strong>magister</strong></span> <span class='ocrx_word' id='word_1_171' title='bbox 766 1681 966 1713; x_wconf 87' lang='lat' dir='ltr'><strong>Dominicus</strong></span> <span class='ocrx_word' id='word_1_172' title='bbox 999 1681 1161 1713; x_wconf 86' lang='lat' dir='ltr'><strong>firmanus</strong></span> <span class='ocrx_word' id='word_1_173' title='bbox 1194 1690 1326 1722; x_wconf 90' lang='lat' dir='ltr'><strong>regens,</strong></span> <span class='ocrx_word' id='word_1_174' title='bbox 1357 1682 1516 1721; x_wconf 85' lang='lat' dir='ltr'><strong>magister</strong></span> <span class='ocrx_word' id='word_1_175' title='bbox 1542 1681 1585 1712; x_wconf 92' lang='lat' dir='ltr'><strong>lo.</strong></span> <span class='ocrx_word' id='word_1_176' title='bbox 1613 1681 1780 1714; x_wconf 90' lang='lat' dir='ltr'><strong>Antonius</strong></span> <span class='ocrx_word' id='word_1_177' title='bbox 1806 1683 1846 1714; x_wconf 90' lang='lat' dir='ltr'><strong>de</strong></span> <span class='ocrx_word' id='word_1_178' title='bbox 1874 1682 1989 1724; x_wconf 79' lang='lat' dir='ltr'><strong>Papia,</strong></span> 
     </span>
     <span class='ocr_line' id='line_1_20' title="bbox 167 1741 1991 1784; baseline 0.003 -12"><span class='ocrx_word' id='word_1_179' title='bbox 167 1741 267 1774; x_wconf 88' lang='lat' dir='ltr'><strong>frater</strong></span> <span class='ocrx_word' id='word_1_180' title='bbox 291 1742 415 1776; x_wconf 84' lang='lat' dir='ltr'><strong>Orfeus</strong></span> <span class='ocrx_word' id='word_1_181' title='bbox 439 1745 481 1776; x_wconf 89' lang='lat' dir='ltr'><strong>de</strong></span> <span class='ocrx_word' id='word_1_182' title='bbox 500 1744 671 1782; x_wconf 82' lang='lat' dir='ltr'><strong>Vercellis,</strong></span> <span class='ocrx_word' id='word_1_183' title='bbox 690 1744 791 1775; x_wconf 86' lang='lat' dir='ltr'><strong>frater</strong></span> <span class='ocrx_word' id='word_1_184' title='bbox 808 1743 972 1775; x_wconf 87' lang='lat' dir='ltr'><strong>Nicolaus</strong></span> <span class='ocrx_word' id='word_1_185' title='bbox 987 1744 1027 1774; x_wconf 87' lang='lat' dir='ltr'><strong>de</strong></span> <span class='ocrx_word' id='word_1_186' title='bbox 1048 1743 1164 1784; x_wconf 80' lang='lat' dir='ltr'><strong>Papia,</strong></span> <span class='ocrx_word' id='word_1_187' title='bbox 1183 1743 1282 1774; x_wconf 82' lang='lat' dir='ltr'><strong>frater</strong></span> <span class='ocrx_word' id='word_1_188' title='bbox 1301 1743 1343 1774; x_wconf 94' lang='lat' dir='ltr'><strong>lo.</strong></span> <span class='ocrx_word' id='word_1_189' title='bbox 1363 1742 1575 1784; x_wconf 78' lang='lat' dir='ltr'><strong>Augustinus</strong></span> <span class='ocrx_word' id='word_1_190' title='bbox 1593 1752 1735 1775; x_wconf 88' lang='lat' dir='ltr'><strong>cesenas</strong></span> <span class='ocrx_word' id='word_1_191' title='bbox 1761 1744 1873 1783; x_wconf 82' lang='lat' dir='ltr'><strong>lector,</strong></span> <span class='ocrx_word' id='word_1_192' title='bbox 1891 1745 1991 1777; x_wconf 87' lang='lat' dir='ltr'><strong>frater</strong></span> 
     </span>
     <span class='ocr_line' id='line_1_21' title="bbox 171 1804 1990 1847; baseline 0.003 -12"><span class='ocrx_word' id='word_1_193' title='bbox 171 1804 312 1845; x_wconf 85' lang='lat' dir='ltr'><strong>Egidius</strong></span> <span class='ocrx_word' id='word_1_194' title='bbox 344 1806 385 1838; x_wconf 89' lang='lat' dir='ltr'><strong>de</strong></span> <span class='ocrx_word' id='word_1_195' title='bbox 417 1805 655 1838; x_wconf 88' lang='lat' dir='ltr'><strong>Civitatenova</strong></span> <span class='ocrx_word' id='word_1_196' title='bbox 687 1807 799 1844; x_wconf 80' lang='lat' dir='ltr'><strong>lector,</strong></span> <span class='ocrx_word' id='word_1_197' title='bbox 826 1805 926 1837; x_wconf 88' lang='lat' dir='ltr'><strong>frater</strong></span> <span class='ocrx_word' id='word_1_198' title='bbox 953 1805 995 1837; x_wconf 91' lang='lat' dir='ltr'><strong>lo.</strong></span> <span class='ocrx_word' id='word_1_199' title='bbox 1024 1805 1177 1846; x_wconf 78' lang='lat' dir='ltr'><strong>Baptista</strong></span> <span class='ocrx_word' id='word_1_200' title='bbox 1202 1805 1243 1836; x_wconf 90' lang='lat' dir='ltr'><strong>de</strong></span> <span class='ocrx_word' id='word_1_201' title='bbox 1270 1805 1417 1837; x_wconf 76' lang='lat' dir='ltr'><strong>pistorio</strong></span> <span class='ocrx_word' id='word_1_202' title='bbox 1444 1806 1556 1841; x_wconf 87' lang='lat' dir='ltr'><strong>lector,</strong></span> <span class='ocrx_word' id='word_1_203' title='bbox 1584 1805 1686 1837; x_wconf 84' lang='lat' dir='ltr'><strong>frater</strong></span> <span class='ocrx_word' id='word_1_204' title='bbox 1712 1806 1924 1847; x_wconf 83' lang='lat' dir='ltr'><strong>Augustinus</strong></span> <span class='ocrx_word' id='word_1_205' title='bbox 1950 1808 1990 1840; x_wconf 90' lang='lat' dir='ltr'><strong>de</strong></span> 
     </span>
     <span class='ocr_line' id='line_1_22' title="bbox 169 1866 1993 1909; baseline 0.002 -12"><span class='ocrx_word' id='word_1_206' title='bbox 169 1866 275 1907; x_wconf 82' lang='lat' dir='ltr'><strong>Papia</strong></span> <span class='ocrx_word' id='word_1_207' title='bbox 301 1870 331 1899; x_wconf 90' lang='lat' dir='ltr'><strong>et</strong></span> <span class='ocrx_word' id='word_1_208' title='bbox 357 1868 456 1900; x_wconf 87' lang='lat' dir='ltr'><strong>frater</strong></span> <span class='ocrx_word' id='word_1_209' title='bbox 483 1868 526 1900; x_wconf 93' lang='lat' dir='ltr'><strong>lo.</strong></span> <span class='ocrx_word' id='word_1_210' title='bbox 557 1869 709 1909; x_wconf 80' lang='lat' dir='ltr'><strong>Baptista</strong></span> <span class='ocrx_word' id='word_1_211' title='bbox 743 1869 783 1900; x_wconf 91' lang='lat' dir='ltr'><strong>de</strong></span> <span class='ocrx_word' id='word_1_212' title='bbox 811 1867 926 1909; x_wconf 81' lang='lat' dir='ltr'><strong>Papia,</strong></span> <span class='ocrx_word' id='word_1_213' title='bbox 950 1868 1008 1908; x_wconf 77' lang='grc' dir='ltr'><strong>ριίὶ</strong></span> <span class='ocrx_word' id='word_1_214' title='bbox 1034 1868 1068 1899; x_wconf 62' lang='lat' dir='ltr'><strong>iii</strong></span> <span class='ocrx_word' id='word_1_215' title='bbox 1099 1868 1161 1899; x_wconf 80' lang='lat' dir='ltr'><strong>due</strong></span> <span class='ocrx_word' id='word_1_216' title='bbox 1186 1868 1267 1899; x_wconf 66' lang='lat' dir='ltr'><strong>serzi</strong></span> <span class='ocrx_word' id='word_1_217' title='bbox 1290 1867 1343 1899; x_wconf 77' lang='lat' dir='ltr'><strong>del</strong></span> <span class='ocrx_word' id='word_1_218' title='bbox 1367 1868 1520 1908; x_wconf 78' lang='lat' dir='ltr'><strong>capitolo,</strong></span> <span class='ocrx_word' id='word_1_219' title='bbox 1548 1870 1578 1899; x_wconf 89' lang='lat' dir='ltr'><strong>et</strong></span> <span class='ocrx_word' id='word_1_220' title='bbox 1603 1877 1715 1899; x_wconf 89' lang='lat' dir='ltr'><strong>coram</strong></span> <span class='ocrx_word' id='word_1_221' title='bbox 1742 1869 1791 1899; x_wconf 91' lang='lat' dir='ltr'><strong>eis</strong></span> <span class='ocrx_word' id='word_1_222' title='bbox 1825 1870 1993 1901; x_wconf 83' lang='lat' dir='ltr'><strong>humiliter</strong></span> 
     </span>
     <span class='ocr_line' id='line_1_23' title="bbox 169 1929 1993 1971; baseline 0.002 -11"><span class='ocrx_word' id='word_1_223' title='bbox 169 1931 200 1960; x_wconf 89' lang='lat' dir='ltr'><strong>et</strong></span> <span class='ocrx_word' id='word_1_224' title='bbox 225 1931 369 1970; x_wconf 86' lang='lat' dir='ltr'><strong>genibus</strong></span> <span class='ocrx_word' id='word_1_225' title='bbox 394 1931 493 1963; x_wconf 77' lang='lat' dir='ltr'><strong>flexis</strong></span> <span class='ocrx_word' id='word_1_226' title='bbox 511 1932 716 1962; x_wconf 87' lang='lat' dir='ltr'><strong>constitutus</strong></span> <span class='ocrx_word' id='word_1_227' title='bbox 736 1931 941 1962; x_wconf 87' lang='lat' dir='ltr'><strong>venerabilis</strong></span> <span class='ocrx_word' id='word_1_228' title='bbox 967 1930 1126 1961; x_wconf 88' lang='lat' dir='ltr'><strong>dominus</strong></span> <span class='ocrx_word' id='word_1_229' title='bbox 1144 1929 1245 1961; x_wconf 85' lang='lat' dir='ltr'><strong>frater</strong></span> <span class='ocrx_word' id='word_1_230' title='bbox 1264 1929 1390 1961; x_wconf 80' lang='lat' dir='ltr'><strong>Paulus</strong></span> <span class='ocrx_word' id='word_1_231' title='bbox 1409 1931 1450 1961; x_wconf 91' lang='lat' dir='ltr'><strong>de</strong></span> <span class='ocrx_word' id='word_1_232' title='bbox 1480 1929 1685 1962; x_wconf 83' lang='lat' dir='ltr'><strong>Comascliis</strong></span> <span class='ocrx_word' id='word_1_233' title='bbox 1711 1931 1751 1962; x_wconf 83' lang='lat' dir='ltr'><strong>de</strong></span> <span class='ocrx_word' id='word_1_234' title='bbox 1771 1930 1875 1971; x_wconf 79' lang='lat' dir='ltr'><strong>Papia</strong></span> <span class='ocrx_word' id='word_1_235' title='bbox 1895 1932 1993 1963; x_wconf 88' lang='lat' dir='ltr'><strong>frater</strong></span> 
     </span>
     <span class='ocr_line' id='line_1_24' title="bbox 172 1991 1992 2033; baseline 0.001 -10"><span class='ocrx_word' id='word_1_236' title='bbox 172 1991 346 2032; x_wconf 87' lang='lat' dir='ltr'><strong>professus</strong></span> <span class='ocrx_word' id='word_1_237' title='bbox 372 1993 403 2024; x_wconf 92' lang='lat' dir='ltr'><strong>in</strong></span> <span class='ocrx_word' id='word_1_238' title='bbox 430 1993 518 2024; x_wconf 85' lang='lat' dir='ltr'><strong>(licto</strong></span> <span class='ocrx_word' id='word_1_239' title='bbox 553 1994 756 2024; x_wconf 84' lang='lat' dir='ltr'><strong>monasterio</strong></span> <span class='ocrx_word' id='word_1_240' title='bbox 783 1993 845 2024; x_wconf 88' lang='lat' dir='ltr'><strong>iam</strong></span> <span class='ocrx_word' id='word_1_241' title='bbox 872 1993 970 2024; x_wconf 84' lang='lat' dir='ltr'><strong>annis</strong></span> <span class='ocrx_word' id='word_1_242' title='bbox 995 1993 1145 2032; x_wconf 82' lang='lat' dir='ltr'><strong>quinque</strong></span> <span class='ocrx_word' id='word_1_243' title='bbox 1172 1993 1338 2033; x_wconf 89' lang='lat' dir='ltr'><strong>preteritis</strong></span> <span class='ocrx_word' id='word_1_244' title='bbox 1364 1994 1395 2023; x_wconf 93' lang='lat' dir='ltr'><strong>et</strong></span> <span class='ocrx_word' id='word_1_245' title='bbox 1428 1993 1484 2032; x_wconf 84' lang='lat' dir='ltr'><strong>qui</strong></span> <span class='ocrx_word' id='word_1_246' title='bbox 1520 2001 1555 2023; x_wconf 93' lang='lat' dir='ltr'><strong>se</strong></span> <span class='ocrx_word' id='word_1_247' title='bbox 1581 1995 1611 2023; x_wconf 90' lang='lat' dir='ltr'><strong>et</strong></span> <span class='ocrx_word' id='word_1_248' title='bbox 1639 1993 1726 2024; x_wconf 89' lang='lat' dir='ltr'><strong>bona</strong></span> <span class='ocrx_word' id='word_1_249' title='bbox 1752 2002 1812 2024; x_wconf 91' lang='lat' dir='ltr'><strong>sua</strong></span> <span class='ocrx_word' id='word_1_250' title='bbox 1844 1995 1936 2026; x_wconf 87' lang='lat' dir='ltr'><strong>vovit</strong></span> <span class='ocrx_word' id='word_1_251' title='bbox 1961 1998 1992 2026; x_wconf 84' lang='lat' dir='ltr'><strong>et</strong></span> 
     </span>
     <span class='ocr_line' id='line_1_25' title="bbox 170 2054 1992 2094; baseline 0.002 -10"><span class='ocrx_word' id='word_1_252' title='bbox 170 2054 262 2085; x_wconf 85' lang='lat' dir='ltr'><strong>dedit</strong></span> <span class='ocrx_word' id='word_1_253' title='bbox 296 2054 386 2086; x_wconf 87' lang='lat' dir='ltr'><strong>dicto</strong></span> <span class='ocrx_word' id='word_1_254' title='bbox 413 2056 629 2092; x_wconf 82' lang='lat' dir='ltr'><strong>monasterio,</strong></span> <span class='ocrx_word' id='word_1_255' title='bbox 657 2058 690 2086; x_wconf 91' lang='lat' dir='ltr'><strong>ut</strong></span> <span class='ocrx_word' id='word_1_256' title='bbox 721 2055 801 2086; x_wconf 89' lang='lat' dir='ltr'><strong>dicit</strong></span> <span class='ocrx_word' id='word_1_257' title='bbox 827 2057 857 2085; x_wconf 87' lang='lat' dir='ltr'><strong>et</strong></span> <span class='ocrx_word' id='word_1_258' title='bbox 884 2057 1099 2094; x_wconf 84' lang='lat' dir='ltr'><strong>protestatur,</strong></span> <span class='ocrx_word' id='word_1_259' title='bbox 1127 2054 1202 2085; x_wconf 84' lang='lat' dir='ltr'><strong>licet</strong></span> <span class='ocrx_word' id='word_1_260' title='bbox 1236 2054 1277 2084; x_wconf 89' lang='lat' dir='ltr'><strong>de</strong></span> <span class='ocrx_word' id='word_1_261' title='bbox 1312 2054 1402 2085; x_wconf 90' lang='lat' dir='ltr'><strong>dicta</strong></span> <span class='ocrx_word' id='word_1_262' title='bbox 1434 2055 1508 2085; x_wconf 88' lang='lat' dir='ltr'><strong>eius</strong></span> <span class='ocrx_word' id='word_1_263' title='bbox 1543 2054 1757 2094; x_wconf 85' lang='lat' dir='ltr'><strong>professione</strong></span> <span class='ocrx_word' id='word_1_264' title='bbox 1791 2058 1821 2086; x_wconf 86' lang='lat' dir='ltr'><strong>et</strong></span> <span class='ocrx_word' id='word_1_265' title='bbox 1849 2058 1928 2087; x_wconf 89' lang='lat' dir='ltr'><strong>voto</strong></span> <span class='ocrx_word' id='word_1_266' title='bbox 1954 2066 1992 2088; x_wconf 91' lang='lat' dir='ltr'><strong>ac</strong></span> 
     </span>
     <span class='ocr_line' id='line_1_26' title="bbox 172 2115 1992 2158; baseline 0.002 -12"><span class='ocrx_word' id='word_1_267' title='bbox 172 2116 353 2148; x_wconf 88' lang='lat' dir='ltr'><strong>donatione</strong></span> <span class='ocrx_word' id='word_1_268' title='bbox 380 2117 543 2148; x_wconf 89' lang='lat' dir='ltr'><strong>bonorum</strong></span> <span class='ocrx_word' id='word_1_269' title='bbox 570 2126 707 2148; x_wconf 88' lang='lat' dir='ltr'><strong>suorum</strong></span> <span class='ocrx_word' id='word_1_270' title='bbox 735 2126 799 2147; x_wconf 89' lang='lat' dir='ltr'><strong>non</strong></span> <span class='ocrx_word' id='word_1_271' title='bbox 826 2118 986 2157; x_wconf 75' lang='lat' dir='ltr'><strong>appareat</strong></span> <span class='ocrx_word' id='word_1_272' title='bbox 1014 2117 1288 2147; x_wconf 86' lang='lat' dir='ltr'><strong>instrumentum:</strong></span> <span class='ocrx_word' id='word_1_273' title='bbox 1316 2115 1414 2148; x_wconf 90' lang='lat' dir='ltr'><strong>Unde</strong></span> <span class='ocrx_word' id='word_1_274' title='bbox 1441 2116 1561 2148; x_wconf 90' lang='lat' dir='ltr'><strong>volens</strong></span> <span class='ocrx_word' id='word_1_275' title='bbox 1586 2119 1617 2147; x_wconf 93' lang='lat' dir='ltr'><strong>et</strong></span> <span class='ocrx_word' id='word_1_276' title='bbox 1635 2117 1813 2149; x_wconf 87' lang='lat' dir='ltr'><strong>intendens</strong></span> <span class='ocrx_word' id='word_1_277' title='bbox 1840 2119 1931 2158; x_wconf 79' lang='lat' dir='ltr'><strong>quod</strong></span> <span class='ocrx_word' id='word_1_278' title='bbox 1951 2119 1992 2150; x_wconf 88' lang='lat' dir='ltr'><strong>de</strong></span> 
     </span>
     <span class='ocr_line' id='line_1_27' title="bbox 171 2178 1993 2220; baseline 0.002 -11"><span class='ocrx_word' id='word_1_279' title='bbox 171 2180 282 2209; x_wconf 90' lang='lat' dir='ltr'><strong>cetero</strong></span> <span class='ocrx_word' id='word_1_280' title='bbox 308 2179 348 2209; x_wconf 92' lang='lat' dir='ltr'><strong>de</strong></span> <span class='ocrx_word' id='word_1_281' title='bbox 373 2179 461 2210; x_wconf 91' lang='lat' dir='ltr'><strong>dicta</strong></span> <span class='ocrx_word' id='word_1_282' title='bbox 487 2188 548 2210; x_wconf 91' lang='lat' dir='ltr'><strong>sua</strong></span> <span class='ocrx_word' id='word_1_283' title='bbox 583 2179 795 2219; x_wconf 81' lang='lat' dir='ltr'><strong>professione</strong></span> <span class='ocrx_word' id='word_1_284' title='bbox 821 2180 994 2219; x_wconf 85' lang='lat' dir='ltr'><strong>appareat,</strong></span> <span class='ocrx_word' id='word_1_285' title='bbox 1020 2180 1143 2218; x_wconf 87' lang='lat' dir='ltr'><strong>sponte</strong></span> <span class='ocrx_word' id='word_1_286' title='bbox 1169 2180 1229 2209; x_wconf 87' lang='lat' dir='ltr'><strong>etc.</strong></span> <span class='ocrx_word' id='word_1_287' title='bbox 1255 2180 1287 2209; x_wconf 89' lang='lat' dir='ltr'><strong>et</strong></span> <span class='ocrx_word' id='word_1_288' title='bbox 1312 2178 1399 2209; x_wconf 85' lang='lat' dir='ltr'><strong>alias</strong></span> <span class='ocrx_word' id='word_1_289' title='bbox 1424 2179 1513 2209; x_wconf 89' lang='lat' dir='ltr'><strong>omni</strong></span> <span class='ocrx_word' id='word_1_290' title='bbox 1541 2179 1621 2215; x_wconf 88' lang='lat' dir='ltr'><strong>iure,</strong></span> <span class='ocrx_word' id='word_1_291' title='bbox 1648 2181 1708 2210; x_wconf 88' lang='lat' dir='ltr'><strong>etc.</strong></span> <span class='ocrx_word' id='word_1_292' title='bbox 1736 2180 1829 2219; x_wconf 88' lang='lat' dir='ltr'><strong>petiit</strong></span> <span class='ocrx_word' id='word_1_293' title='bbox 1847 2183 1879 2211; x_wconf 88' lang='lat' dir='ltr'><strong>et</strong></span> <span class='ocrx_word' id='word_1_294' title='bbox 1911 2182 1993 2220; x_wconf 90' lang='lat' dir='ltr'><strong>petit</strong></span> 
     </span>
     <span class='ocr_line' id='line_1_28' title="bbox 173 2239 1993 2281; baseline 0.001 -10"><span class='ocrx_word' id='word_1_295' title='bbox 173 2249 208 2271; x_wconf 92' lang='lat' dir='ltr'><strong>se</strong></span> <span class='ocrx_word' id='word_1_296' title='bbox 235 2241 264 2271; x_wconf 93' lang='lat' dir='ltr'><strong>in</strong></span> <span class='ocrx_word' id='word_1_297' title='bbox 292 2241 379 2272; x_wconf 85' lang='lat' dir='ltr'><strong>dicta</strong></span> <span class='ocrx_word' id='word_1_298' title='bbox 414 2241 574 2281; x_wconf 83' lang='lat' dir='ltr'><strong>religione</strong></span> <span class='ocrx_word' id='word_1_299' title='bbox 601 2241 645 2272; x_wconf 92' lang='lat' dir='ltr'><strong>uti</strong></span> <span class='ocrx_word' id='word_1_300' title='bbox 673 2240 850 2281; x_wconf 86' lang='lat' dir='ltr'><strong>professus</strong></span> <span class='ocrx_word' id='word_1_301' title='bbox 883 2240 1064 2280; x_wconf 81' lang='lat' dir='ltr'><strong>acceptari,</strong></span> <span class='ocrx_word' id='word_1_302' title='bbox 1090 2242 1121 2270; x_wconf 91' lang='lat' dir='ltr'><strong>et</strong></span> <span class='ocrx_word' id='word_1_303' title='bbox 1147 2239 1343 2277; x_wconf 78' lang='lat' dir='ltr'><strong>inherendo,</strong></span> <span class='ocrx_word' id='word_1_304' title='bbox 1369 2241 1429 2270; x_wconf 87' lang='lat' dir='ltr'><strong>etc.</strong></span> <span class='ocrx_word' id='word_1_305' title='bbox 1455 2239 1699 2279; x_wconf 86' lang='lat' dir='ltr'><strong>professionem</strong></span> <span class='ocrx_word' id='word_1_306' title='bbox 1728 2241 1836 2281; x_wconf 83' lang='lat' dir='ltr'><strong>ipsam</strong></span> <span class='ocrx_word' id='word_1_307' title='bbox 1863 2241 1938 2273; x_wconf 87' lang='lat' dir='ltr'><strong>fecit</strong></span> <span class='ocrx_word' id='word_1_308' title='bbox 1963 2244 1993 2273; x_wconf 91' lang='lat' dir='ltr'><strong>et</strong></span> 
     </span>
     <span class='ocr_line' id='line_1_29' title="bbox 173 2300 1994 2344; baseline 0.001 -11"><span class='ocrx_word' id='word_1_309' title='bbox 173 2302 251 2334; x_wconf 89' lang='lat' dir='ltr'><strong>facit</strong></span> <span class='ocrx_word' id='word_1_310' title='bbox 278 2303 308 2333; x_wconf 85' lang='lat' dir='ltr'><strong>iri</strong></span> <span class='ocrx_word' id='word_1_311' title='bbox 336 2303 491 2334; x_wconf 83' lang='lat' dir='ltr'><strong>manibus</strong></span> <span class='ocrx_word' id='word_1_312' title='bbox 519 2302 636 2343; x_wconf 88' lang='lat' dir='ltr'><strong>prefati</strong></span> <span class='ocrx_word' id='word_1_313' title='bbox 664 2302 838 2333; x_wconf 89' lang='lat' dir='ltr'><strong>reverendi</strong></span> <span class='ocrx_word' id='word_1_314' title='bbox 873 2302 1000 2333; x_wconf 88' lang='lat' dir='ltr'><strong>domini</strong></span> <span class='ocrx_word' id='word_1_315' title='bbox 1027 2300 1163 2339; x_wconf 77' lang='lat' dir='ltr'><strong>Prioris,</strong></span> <span class='ocrx_word' id='word_1_316' title='bbox 1183 2302 1280 2332; x_wconf 88' lang='lat' dir='ltr'><strong>tactis</strong></span> <span class='ocrx_word' id='word_1_317' title='bbox 1306 2300 1487 2341; x_wconf 88' lang='lat' dir='ltr'><strong>Scripturis</strong></span> <span class='ocrx_word' id='word_1_318' title='bbox 1512 2302 1554 2333; x_wconf 90' lang='lat' dir='ltr'><strong>ad</strong></span> <span class='ocrx_word' id='word_1_319' title='bbox 1581 2304 1696 2333; x_wconf 89' lang='lat' dir='ltr'><strong>sancta</strong></span> <span class='ocrx_word' id='word_1_320' title='bbox 1722 2301 1782 2333; x_wconf 92' lang='lat' dir='ltr'><strong>Dei</strong></span> <span class='ocrx_word' id='word_1_321' title='bbox 1811 2303 1994 2344; x_wconf 83' lang='lat' dir='ltr'><strong>Evangelia</strong></span> 
     </span>
     <span class='ocr_line' id='line_1_30' title="bbox 174 2363 1838 2403; baseline 0 -7"><span class='ocrx_word' id='word_1_322' title='bbox 174 2365 315 2396; x_wconf 88' lang='lat' dir='ltr'><strong>iurando</strong></span> <span class='ocrx_word' id='word_1_323' title='bbox 340 2368 370 2396; x_wconf 91' lang='lat' dir='ltr'><strong>et</strong></span> <span class='ocrx_word' id='word_1_324' title='bbox 397 2365 518 2396; x_wconf 86' lang='lat' dir='ltr'><strong>iuravit</strong></span> <span class='ocrx_word' id='word_1_325' title='bbox 544 2368 574 2396; x_wconf 92' lang='lat' dir='ltr'><strong>et</strong></span> <span class='ocrx_word' id='word_1_326' title='bbox 601 2366 695 2402; x_wconf 88' lang='lat' dir='ltr'><strong>iurat,</strong></span> <span class='ocrx_word' id='word_1_327' title='bbox 722 2364 799 2395; x_wconf 89' lang='lat' dir='ltr'><strong>talia</strong></span> <span class='ocrx_word' id='word_1_328' title='bbox 827 2364 1039 2403; x_wconf 87' lang='lat' dir='ltr'><strong>infrascripta</strong></span> <span class='ocrx_word' id='word_1_329' title='bbox 1066 2363 1167 2394; x_wconf 89' lang='lat' dir='ltr'><strong>verba</strong></span> <span class='ocrx_word' id='word_1_330' title='bbox 1194 2372 1235 2394; x_wconf 89' lang='lat' dir='ltr'><strong>ex</strong></span> <span class='ocrx_word' id='word_1_331' title='bbox 1262 2372 1318 2394; x_wconf 90' lang='lat' dir='ltr'><strong>ore</strong></span> <span class='ocrx_word' id='word_1_332' title='bbox 1344 2372 1407 2394; x_wconf 89' lang='lat' dir='ltr'><strong>suo</strong></span> <span class='ocrx_word' id='word_1_333' title='bbox 1434 2363 1636 2403; x_wconf 87' lang='lat' dir='ltr'><strong>proferendo</strong></span> <span class='ocrx_word' id='word_1_334' title='bbox 1664 2365 1838 2396; x_wconf 90' lang='lat' dir='ltr'><strong>videlicet:</strong></span> 
     </span>
     <span class='ocr_line' id='line_1_31' title="bbox 264 2425 1995 2468; baseline 0.001 -10"><span class='ocrx_word' id='word_1_335' title='bbox 264 2427 335 2468; x_wconf 77' lang='lat' dir='ltr'><strong>Ego</strong></span> <span class='ocrx_word' id='word_1_336' title='bbox 349 2427 448 2458; x_wconf 90' lang='lat' dir='ltr'><strong>frater</strong></span> <span class='ocrx_word' id='word_1_337' title='bbox 467 2426 593 2458; x_wconf 83' lang='lat' dir='ltr'><strong>Paulus</strong></span> <span class='ocrx_word' id='word_1_338' title='bbox 620 2427 795 2467; x_wconf 86' lang='lat' dir='ltr'><strong>papiensis</strong></span> <span class='ocrx_word' id='word_1_339' title='bbox 813 2426 900 2457; x_wconf 87' lang='lat' dir='ltr'><strong>facio</strong></span> <span class='ocrx_word' id='word_1_340' title='bbox 919 2425 1166 2466; x_wconf 86' lang='lat' dir='ltr'><strong>professionem</strong></span> <span class='ocrx_word' id='word_1_341' title='bbox 1186 2428 1216 2457; x_wconf 88' lang='lat' dir='ltr'><strong>et</strong></span> <span class='ocrx_word' id='word_1_342' title='bbox 1235 2426 1393 2465; x_wconf 79' lang='lat' dir='ltr'><strong>promitto</strong></span> <span class='ocrx_word' id='word_1_343' title='bbox 1407 2426 1640 2458; x_wconf 88' lang='lat' dir='ltr'><strong>obedienciam</strong></span> <span class='ocrx_word' id='word_1_344' title='bbox 1661 2426 1732 2458; x_wconf 89' lang='lat' dir='ltr'><strong>Deo</strong></span> <span class='ocrx_word' id='word_1_345' title='bbox 1751 2426 1995 2468; x_wconf 88' lang='lat' dir='ltr'><strong>Omnipotenti,</strong></span> 
     </span>
    </p>
   </div>
   <div class='ocr_carea' id='block_1_9' title="bbox 180 2582 1060 2830">
    <p class='ocr_par' dir='ltr' id='par_1_9' title="bbox 180 2582 1060 2830">
     <span class='ocr_line' id='line_1_32' title="bbox 232 2582 1060 2607; baseline -0.002 -3"><span class='ocrx_word' id='word_1_346' title='bbox 232 2584 262 2607; x_wconf 80' lang='lat' dir='ltr'><strong>(l)</strong></span> <span class='ocrx_word' id='word_1_347' title='bbox 278 2583 295 2603; x_wconf 87' lang='lat' dir='ltr'><strong>A</strong></span> <span class='ocrx_word' id='word_1_348' title='bbox 311 2583 389 2604; x_wconf 71' lang='lat' dir='ltr'><strong>favore</strong></span> <span class='ocrx_word' id='word_1_349' title='bbox 404 2583 441 2604; x_wconf 89' lang='lat' dir='ltr'><strong>del</strong></span> <span class='ocrx_word' id='word_1_350' title='bbox 456 2587 572 2604; x_wconf 86' lang='lat' dir='ltr'><strong>convento</strong></span> <span class='ocrx_word' id='word_1_351' title='bbox 588 2583 609 2603; x_wconf 89' lang='lat' dir='ltr'><strong>di</strong></span> <span class='ocrx_word' id='word_1_352' title='bbox 626 2582 648 2603; x_wconf 81' lang='lat' dir='ltr'><strong>S.</strong></span> <span class='ocrx_word' id='word_1_353' title='bbox 666 2583 788 2607; x_wconf 66' lang='lat' dir='ltr'><strong>Agostino,</strong></span> <span class='ocrx_word' id='word_1_354' title='bbox 804 2582 837 2603; x_wconf 78' lang='lat' dir='ltr'><strong>ira</strong></span> <span class='ocrx_word' id='word_1_355' title='bbox 853 2583 882 2607; x_wconf 73' lang='lat' dir='ltr'><strong>gli</strong></span> <span class='ocrx_word' id='word_1_356' title='bbox 898 2583 940 2603; x_wconf 86' lang='lat' dir='ltr'><strong>atti</strong></span> <span class='ocrx_word' id='word_1_357' title='bbox 957 2582 978 2602; x_wconf 83' lang='lat' dir='ltr'><strong>di</strong></span> <span class='ocrx_word' id='word_1_358' title='bbox 996 2582 1060 2602; x_wconf 81' lang='grc'>111111)-</span> 
     </span>
     <span class='ocr_line' id='line_1_33' title="bbox 180 2627 1058 2653; baseline -0.002 -5"><span class='ocrx_word' id='word_1_359' title='bbox 180 2633 252 2648; x_wconf 88' lang='lat' dir='ltr'><strong>cenzo</strong></span> <span class='ocrx_word' id='word_1_360' title='bbox 267 2627 391 2653; x_wconf 76' lang='lat' dir='ltr'><strong>Marinoni,</strong></span> <span class='ocrx_word' id='word_1_361' title='bbox 407 2629 472 2648; x_wconf 85' lang='lat' dir='ltr'><strong>sotto</strong></span> <span class='ocrx_word' id='word_1_362' title='bbox 488 2628 508 2648; x_wconf 85' lang='lat' dir='ltr'><strong>la</strong></span> <span class='ocrx_word' id='word_1_363' title='bbox 524 2627 578 2648; x_wconf 86' lang='lat' dir='ltr'><strong>data</strong></span> <span class='ocrx_word' id='word_1_364' title='bbox 595 2627 630 2648; x_wconf 75' lang='lat' dir='ltr'><strong>del</strong></span> <span class='ocrx_word' id='word_1_365' title='bbox 647 2627 672 2648; x_wconf 72' lang='lat'><strong>26</strong></span> <span class='ocrx_word' id='word_1_366' title='bbox 688 2628 813 2648; x_wconf 84' lang='lat' dir='ltr'><strong>novembre</strong></span> <span class='ocrx_word' id='word_1_367' title='bbox 831 2627 888 2651; x_wconf 75' lang='lat'><strong>1562,</strong></span> <span class='ocrx_word' id='word_1_368' title='bbox 905 2633 916 2647; x_wconf 84' lang='lat' dir='ltr'><strong>e</strong></span> <span class='ocrx_word' id='word_1_369' title='bbox 929 2633 968 2652; x_wconf 87' lang='lat' dir='ltr'><strong>per</strong></span> <span class='ocrx_word' id='word_1_370' title='bbox 980 2632 1058 2647; x_wconf 85' lang='lat' dir='ltr'><strong>errore</strong></span> 
     </span>
     <span class='ocr_line' id='line_1_34' title="bbox 182 2671 1059 2698; baseline -0.001 -6"><span class='ocrx_word' id='word_1_371' title='bbox 182 2672 218 2692; x_wconf 88' lang='lat' dir='ltr'><strong>nel</strong></span> <span class='ocrx_word' id='word_1_372' title='bbox 239 2678 310 2698; x_wconf 84' lang='lat' dir='ltr'><strong>pacco</strong></span> <span class='ocrx_word' id='word_1_373' title='bbox 329 2672 421 2697; x_wconf 85' lang='lat'><strong>1571-72,</strong></span> <span class='ocrx_word' id='word_1_374' title='bbox 437 2672 552 2692; x_wconf 84' lang='lat' dir='ltr'><strong>troviamo</strong></span> <span class='ocrx_word' id='word_1_375' title='bbox 568 2672 582 2692; x_wconf 93' lang='lat' dir='ltr'><strong>il</strong></span> <span class='ocrx_word' id='word_1_376' title='bbox 603 2673 746 2692; x_wconf 81' lang='lat' dir='ltr'><strong>testamento</strong></span> <span class='ocrx_word' id='word_1_377' title='bbox 762 2671 798 2692; x_wconf 90' lang='lat' dir='ltr'><strong>del</strong></span> <span class='ocrx_word' id='word_1_378' title='bbox 820 2672 874 2692; x_wconf 35' lang='lat' dir='ltr'><strong>nobi</strong></span> <span class='ocrx_word' id='word_1_379' title='bbox 891 2671 941 2692; x_wconf 86' lang='lat' dir='ltr'><strong>Gio.</strong></span> <span class='ocrx_word' id='word_1_380' title='bbox 959 2671 1059 2691; x_wconf 79' lang='lat' dir='ltr'><strong>Battista</strong></span> 
     </span>
     <span class='ocr_line' id='line_1_35' title="bbox 182 2715 1060 2741; baseline -0.002 -4"><span class='ocrx_word' id='word_1_381' title='bbox 182 2716 305 2737; x_wconf 80' lang='lat' dir='ltr'><strong>Fiamberti</strong></span> <span class='ocrx_word' id='word_1_382' title='bbox 316 2716 352 2736; x_wconf 87' lang='lat' dir='ltr'><strong>del</strong></span> <span class='ocrx_word' id='word_1_383' title='bbox 362 2715 384 2736; x_wconf 85' lang='lat' dir='ltr'><strong>tu</strong></span> <span class='ocrx_word' id='word_1_384' title='bbox 396 2716 447 2736; x_wconf 84' lang='lat' dir='ltr'><strong>Gio.</strong></span> <span class='ocrx_word' id='word_1_385' title='bbox 457 2716 577 2741; x_wconf 83' lang='lat' dir='ltr'><strong>Giacomo,</strong></span> <span class='ocrx_word' id='word_1_386' title='bbox 586 2716 691 2736; x_wconf 85' lang='lat' dir='ltr'><strong>abitante</strong></span> <span class='ocrx_word' id='word_1_387' title='bbox 702 2716 723 2736; x_wconf 89' lang='lat' dir='ltr'><strong>in</strong></span> <span class='ocrx_word' id='word_1_388' title='bbox 734 2715 870 2736; x_wconf 80' lang='lat' dir='ltr'><strong>Parroccliia</strong></span> <span class='ocrx_word' id='word_1_389' title='bbox 882 2715 903 2735; x_wconf 85' lang='lat' dir='ltr'><strong>di</strong></span> <span class='ocrx_word' id='word_1_390' title='bbox 915 2715 936 2736; x_wconf 84' lang='lat' dir='ltr'><strong>S.</strong></span> <span class='ocrx_word' id='word_1_391' title='bbox 951 2715 1060 2739; x_wconf 82' lang='lat' dir='ltr'><strong>Eusebio,</strong></span> 
     </span>
     <span class='ocr_line' id='line_1_36' title="bbox 183 2759 1058 2786; baseline -0.001 -6"><span class='ocrx_word' id='word_1_392' title='bbox 183 2760 218 2780; x_wconf 79' lang='lat' dir='ltr'><strong>nel</strong></span> <span class='ocrx_word' id='word_1_393' title='bbox 234 2760 302 2786; x_wconf 79' lang='lat' dir='ltr'><strong>quale</strong></span> <span class='ocrx_word' id='word_1_394' title='bbox 315 2760 407 2781; x_wconf 72' lang='lat' dir='ltr'><strong>ordinat</strong></span> <span class='ocrx_word' id='word_1_395' title='bbox 423 2760 486 2785; x_wconf 85' lang='lat' dir='ltr'><strong>quod</strong></span> <span class='ocrx_word' id='word_1_396' title='bbox 509 2759 706 2785; x_wconf 65' lang='lat' dir='ltr'><strong>quandocumque</strong></span> <span class='ocrx_word' id='word_1_397' title='bbox 721 2760 860 2784; x_wconf 77' lang='lat' dir='ltr'><strong>contingerit</strong></span> <span class='ocrx_word' id='word_1_398' title='bbox 876 2765 927 2780; x_wconf 92' lang='lat' dir='ltr'><strong>cum</strong></span> <span class='ocrx_word' id='word_1_399' title='bbox 945 2759 1058 2779; x_wconf 81' lang='lat' dir='ltr'><strong>decedere</strong></span> 
     </span>
     <span class='ocr_line' id='line_1_37' title="bbox 182 2803 1057 2830; baseline -0.001 -6"><span class='ocrx_word' id='word_1_400' title='bbox 182 2803 245 2830; x_wconf 82' lang='lat' dir='ltr'><strong>quod</strong></span> <span class='ocrx_word' id='word_1_401' title='bbox 260 2804 360 2825; x_wconf 82' lang='lat' dir='ltr'><strong>cadaver</strong></span> <span class='ocrx_word' id='word_1_402' title='bbox 375 2809 443 2825; x_wconf 85' lang='lat' dir='ltr'><strong>suum</strong></span> <span class='ocrx_word' id='word_1_403' title='bbox 465 2804 593 2829; x_wconf 84' lang='lat' dir='ltr'><strong>sepeliatur</strong></span> <span class='ocrx_word' id='word_1_404' title='bbox 608 2804 630 2824; x_wconf 89' lang='lat' dir='ltr'><strong>in</strong></span> <span class='ocrx_word' id='word_1_405' title='bbox 645 2804 744 2825; x_wconf 85' lang='lat' dir='ltr'><strong>ecclesia</strong></span> <span class='ocrx_word' id='word_1_406' title='bbox 759 2804 833 2824; x_wconf 83' lang='lat' dir='ltr'><strong>sancti</strong></span> <span class='ocrx_word' id='word_1_407' title='bbox 849 2804 969 2828; x_wconf 74' lang='lat' dir='ltr'><strong>Augustini</strong></span> <span class='ocrx_word' id='word_1_408' title='bbox 987 2803 1057 2828; x_wconf 80' lang='lat' dir='ltr'><strong>Papie</strong></span> 
     </span>
    </p>
   </div>
   <div class='ocr_carea' id='block_1_10' title="bbox 183 2849 1058 2874">
    <p class='ocr_par' dir='ltr' id='par_1_10' title="bbox 183 2849 1058 2874">
     <span class='ocr_line' id='line_1_38' title="bbox 183 2849 1058 2874; baseline -0.001 -5"><span class='ocrx_word' id='word_1_409' title='bbox 183 2850 205 2869; x_wconf 88' lang='lat' dir='ltr'><strong>et</strong></span> <span class='ocrx_word' id='word_1_410' title='bbox 217 2849 238 2869; x_wconf 89' lang='lat' dir='ltr'><strong>in</strong></span> <span class='ocrx_word' id='word_1_411' title='bbox 250 2851 401 2869; x_wconf 86' lang='lat' dir='ltr'><strong>monumento</strong></span> <span class='ocrx_word' id='word_1_412' title='bbox 415 2851 592 2869; x_wconf 84' lang='lat' dir='ltr'><strong>antecessorum</strong></span> <span class='ocrx_word' id='word_1_413' title='bbox 604 2849 679 2874; x_wconf 86' lang='lat' dir='ltr'><strong>ipsius</strong></span> <span class='ocrx_word' id='word_1_414' title='bbox 691 2849 776 2869; x_wconf 86' lang='lat' dir='ltr'><strong>domini</strong></span> <span class='ocrx_word' id='word_1_415' title='bbox 789 2849 911 2869; x_wconf 80' lang='lat' dir='ltr'><strong>testatoris</strong></span> <span class='ocrx_word' id='word_1_416' title='bbox 921 2849 1058 2869; x_wconf 72' lang='lat' dir='ltr'><strong>constructo</strong></span> 
     </span>
    </p>
   </div>
   <div class='ocr_carea' id='block_1_11' title="bbox 184 2892 1065 2919">
    <p class='ocr_par' dir='ltr' id='par_1_11' title="bbox 184 2892 1065 2919">
     <span class='ocr_line' id='line_1_39' title="bbox 184 2892 1065 2919; baseline -0.001 -6"><span class='ocrx_word' id='word_1_417' title='bbox 184 2899 257 2919; x_wconf 81' lang='lat' dir='ltr'><strong>prope</strong></span> <span class='ocrx_word' id='word_1_418' title='bbox 272 2895 363 2919; x_wconf 87' lang='lat' dir='ltr'><strong>portam</strong></span> <span class='ocrx_word' id='word_1_419' title='bbox 385 2894 500 2917; x_wconf 81' lang='lat' dir='ltr'><strong>sacristie;</strong></span> <span class='ocrx_word' id='word_1_420' title='bbox 516 2894 551 2914; x_wconf 89' lang='lat' dir='ltr'><strong>cui</strong></span> <span class='ocrx_word' id='word_1_421' title='bbox 569 2893 711 2914; x_wconf 83' lang='lat' dir='ltr'><strong>monasterio</strong></span> <span class='ocrx_word' id='word_1_422' title='bbox 727 2893 801 2914; x_wconf 84' lang='lat' dir='ltr'><strong>sancti</strong></span> <span class='ocrx_word' id='word_1_423' title='bbox 822 2893 944 2918; x_wconf 75' lang='lat' dir='ltr'><strong>Augustini</strong></span> <span class='ocrx_word' id='word_1_424' title='bbox 965 2892 1065 2913; x_wconf 80' lang='lat' dir='ltr'><strong>Heremi-</strong></span> 
     </span>
    </p>
   </div>
   <div class='ocr_carea' id='block_1_12' title="bbox 182 2937 1062 2963">
    <p class='ocr_par' dir='ltr' id='par_1_12' title="bbox 182 2937 1062 2963">
     <span class='ocr_line' id='line_1_40' title="bbox 182 2937 1062 2963; baseline -0.001 -5"><span class='ocrx_word' id='word_1_425' title='bbox 182 2939 257 2958; x_wconf 88' lang='lat' dir='ltr'><strong>tarum</strong></span> <span class='ocrx_word' id='word_1_426' title='bbox 269 2938 319 2963; x_wconf 83' lang='lat' dir='ltr'><strong>ipse</strong></span> <span class='ocrx_word' id='word_1_427' title='bbox 334 2938 442 2959; x_wconf 82' lang='lat' dir='ltr'><strong>dominus</strong></span> <span class='ocrx_word' id='word_1_428' title='bbox 457 2939 566 2963; x_wconf 82' lang='lat' dir='ltr'><strong>testator,</strong></span> <span class='ocrx_word' id='word_1_429' title='bbox 576 2943 631 2959; x_wconf 85' lang='lat' dir='ltr'><strong>casu</strong></span> <span class='ocrx_word' id='word_1_430' title='bbox 647 2943 694 2963; x_wconf 86' lang='lat' dir='ltr'><strong>quo</strong></span> <span class='ocrx_word' id='word_1_431' title='bbox 703 2938 826 2958; x_wconf 78' lang='lat' dir='ltr'><strong>decederet</strong></span> <span class='ocrx_word' id='word_1_432' title='bbox 842 2938 892 2963; x_wconf 84' lang='lat' dir='ltr'><strong>ipse</strong></span> <span class='ocrx_word' id='word_1_433' title='bbox 903 2939 1003 2958; x_wconf 83' lang='lat' dir='ltr'><strong>testator</strong></span> <span class='ocrx_word' id='word_1_434' title='bbox 1013 2937 1062 2957; x_wconf 77' lang='lat' dir='ltr'><strong>sine</strong></span> 
     </span>
    </p>
   </div>
   <div class='ocr_carea' id='block_1_13' title="bbox 184 2982 1060 3008">
    <p class='ocr_par' dir='ltr' id='par_1_13' title="bbox 184 2982 1060 3008">
     <span class='ocr_line' id='line_1_41' title="bbox 184 2982 1060 3008; baseline -0.001 -6"><span class='ocrx_word' id='word_1_435' title='bbox 184 2982 237 3002; x_wconf 78' lang='lat' dir='ltr'><strong>tiliis</strong></span> <span class='ocrx_word' id='word_1_436' title='bbox 257 2982 367 3007; x_wconf 70' lang='lat' dir='ltr'><strong>legitimis</strong></span> <span class='ocrx_word' id='word_1_437' title='bbox 389 2983 474 3008; x_wconf 81' lang='lat' dir='ltr'><strong>legavit</strong></span> <span class='ocrx_word' id='word_1_438' title='bbox 496 2984 517 3003; x_wconf 86' lang='lat' dir='ltr'><strong>et</strong></span> <span class='ocrx_word' id='word_1_439' title='bbox 534 2983 595 3007; x_wconf 82' lang='lat' dir='ltr'><strong>legat</strong></span> <span class='ocrx_word' id='word_1_440' title='bbox 617 2983 688 3003; x_wconf 79' lang='lat' dir='ltr'><strong>libras</strong></span> <span class='ocrx_word' id='word_1_441' title='bbox 710 2983 907 3008; x_wconf 75' lang='lat' dir='ltr'><strong>quinqueccntum</strong></span> <span class='ocrx_word' id='word_1_442' title='bbox 928 2982 1060 3007; x_wconf 76' lang='lat' dir='ltr'><strong>imperiales</strong></span> 
     </span>
    </p>
   </div>
   <div class='ocr_carea' id='block_1_14' title="bbox 1113 2581 1995 2961">
    <p class='ocr_par' dir='ltr' id='par_1_14' title="bbox 1113 2581 1995 2961">
     <span class='ocr_line' id='line_1_42' title="bbox 1115 2581 1992 2609; baseline 0.005 -8"><span class='ocrx_word' id='word_1_443' title='bbox 1115 2581 1268 2607; x_wconf 74' lang='lat' dir='ltr'><strong>implicandus</strong></span> <span class='ocrx_word' id='word_1_444' title='bbox 1284 2582 1305 2602; x_wconf 87' lang='lat' dir='ltr'><strong>in</strong></span> <span class='ocrx_word' id='word_1_445' title='bbox 1320 2582 1399 2607; x_wconf 84' lang='lat' dir='ltr'><strong>aliquo</strong></span> <span class='ocrx_word' id='word_1_446' title='bbox 1415 2582 1487 2603; x_wconf 79' lang='lat' dir='ltr'><strong>tundo</strong></span> <span class='ocrx_word' id='word_1_447' title='bbox 1505 2583 1589 2603; x_wconf 87' lang='lat' dir='ltr'><strong>idoneo</strong></span> <span class='ocrx_word' id='word_1_448' title='bbox 1603 2599 1615 2603; x_wconf 88' lang='lat'><strong>..</strong></span> <span class='ocrx_word' id='word_1_449' title='bbox 1633 2584 1777 2608; x_wconf 63' lang='lat' dir='ltr'><strong>gravando¹⁴⁴</strong></span> <span class='ocrx_word' id='word_1_450' title='bbox 1796 2584 1918 2609; x_wconf 71' lang='lat' dir='ltr'><strong>religiosos</strong></span> <span class='ocrx_word' id='word_1_451' title='bbox 1938 2585 1992 2605; x_wconf 82' lang='lat' dir='ltr'><strong>dicti</strong></span> 
     </span>
     <span class='ocr_line' id='line_1_43' title="bbox 1115 2626 1994 2654; baseline 0.003 -8"><span class='ocrx_word' id='word_1_452' title='bbox 1115 2626 1250 2646; x_wconf 79' lang='lat' dir='ltr'><strong>monasterii</strong></span> <span class='ocrx_word' id='word_1_453' title='bbox 1273 2626 1347 2647; x_wconf 82' lang='lat' dir='ltr'><strong>sancti</strong></span> <span class='ocrx_word' id='word_1_454' title='bbox 1368 2626 1490 2651; x_wconf 80' lang='lat' dir='ltr'><strong>Augustini</strong></span> <span class='ocrx_word' id='word_1_455' title='bbox 1508 2626 1579 2652; x_wconf 82' lang='lat' dir='ltr'><strong>Papie</strong></span> <span class='ocrx_word' id='word_1_456' title='bbox 1597 2629 1719 2653; x_wconf 82' lang='lat' dir='ltr'><strong>presentes</strong></span> <span class='ocrx_word' id='word_1_457' title='bbox 1735 2630 1756 2648; x_wconf 85' lang='lat' dir='ltr'><strong>et</strong></span> <span class='ocrx_word' id='word_1_458' title='bbox 1773 2628 1865 2649; x_wconf 77' lang='lat' dir='ltr'><strong>tuturos</strong></span> <span class='ocrx_word' id='word_1_459' title='bbox 1881 2634 1956 2654; x_wconf 82' lang='lat' dir='ltr'><strong>usque</strong></span> <span class='ocrx_word' id='word_1_460' title='bbox 1972 2630 1994 2649; x_wconf 88' lang='lat' dir='ltr'><strong>in</strong></span> 
     </span>
     <span class='ocr_line' id='line_1_44' title="bbox 1116 2671 1993 2697; baseline 0.005 -8"><span class='ocrx_word' id='word_1_461' title='bbox 1116 2672 1254 2696; x_wconf 84' lang='lat' dir='ltr'><strong>perpetuum</strong></span> <span class='ocrx_word' id='word_1_462' title='bbox 1266 2671 1356 2696; x_wconf 80' lang='lat' dir='ltr'><strong>absque</strong></span> <span class='ocrx_word' id='word_1_463' title='bbox 1366 2671 1444 2696; x_wconf 78' lang='lat' dir='ltr'><strong>aliqua</strong></span> <span class='ocrx_word' id='word_1_464' title='bbox 1456 2671 1569 2697; x_wconf 76' lang='lat' dir='ltr'><strong>temporis</strong></span> <span class='ocrx_word' id='word_1_465' title='bbox 1584 2672 1814 2693; x_wconf 63' lang='lat' dir='ltr'><strong>determinationem</strong></span> <span class='ocrx_word' id='word_1_466' title='bbox 1830 2673 1993 2694; x_wconf 76' lang='lat' dir='ltr'><strong>celebrandum</strong></span> 
     </span>
     <span class='ocr_line' id='line_1_45' title="bbox 1116 2714 1992 2742; baseline 0.005 -8"><span class='ocrx_word' id='word_1_467' title='bbox 1116 2715 1137 2734; x_wconf 88' lang='lat' dir='ltr'><strong>in</strong></span> <span class='ocrx_word' id='word_1_468' title='bbox 1160 2720 1240 2735; x_wconf 86' lang='lat' dir='ltr'><strong>eorum</strong></span> <span class='ocrx_word' id='word_1_469' title='bbox 1262 2714 1360 2735; x_wconf 75' lang='lat' dir='ltr'><strong>ecclesia</strong></span> <span class='ocrx_word' id='word_1_470' title='bbox 1382 2715 1480 2740; x_wconf 79' lang='lat' dir='ltr'><strong>singulis</strong></span> <span class='ocrx_word' id='word_1_471' title='bbox 1502 2715 1578 2736; x_wconf 86' lang='lat' dir='ltr'><strong>tribus</strong></span> <span class='ocrx_word' id='word_1_472' title='bbox 1594 2716 1713 2737; x_wconf 77' lang='lat' dir='ltr'><strong>mensibus</strong></span> <span class='ocrx_word' id='word_1_473' title='bbox 1729 2718 1750 2737; x_wconf 87' lang='lat' dir='ltr'><strong>et</strong></span> <span class='ocrx_word' id='word_1_474' title='bbox 1774 2717 1846 2742; x_wconf 82' lang='lat' dir='ltr'><strong>prima</strong></span> <span class='ocrx_word' id='word_1_475' title='bbox 1863 2717 1898 2737; x_wconf 86' lang='lat' dir='ltr'><strong>die</strong></span> <span class='ocrx_word' id='word_1_476' title='bbox 1920 2717 1992 2738; x_wconf 77' lang='lat' dir='ltr'><strong>feriali</strong></span> 
     </span>
     <span class='ocr_line' id='line_1_46' title="bbox 1114 2758 1992 2783; baseline 0.003 -5"><span class='ocrx_word' id='word_1_477' title='bbox 1114 2759 1257 2783; x_wconf 76' lang='lat' dir='ltr'><strong>singulorum</strong></span> <span class='ocrx_word' id='word_1_478' title='bbox 1280 2758 1440 2783; x_wconf 77' lang='lat' dir='ltr'><strong>trimestrium,</strong></span> <span class='ocrx_word' id='word_1_479' title='bbox 1463 2758 1564 2780; x_wconf 72' lang='lat' dir='ltr'><strong>officium</strong></span> <span class='ocrx_word' id='word_1_480' title='bbox 1588 2766 1656 2780; x_wconf 86' lang='lat' dir='ltr'><strong>unum</strong></span> <span class='ocrx_word' id='word_1_481' title='bbox 1681 2762 1824 2781; x_wconf 86' lang='lat' dir='ltr'><strong>mortuorum</strong></span> <span class='ocrx_word' id='word_1_482' title='bbox 1849 2767 1899 2781; x_wconf 77' lang='lat' dir='ltr'><strong>cum</strong></span> <span class='ocrx_word' id='word_1_483' title='bbox 1923 2762 1992 2782; x_wconf 66' lang='lat' dir='ltr'><strong>miss..</strong></span> 
     </span>
     <span class='ocr_line' id='line_1_47' title="bbox 1114 2803 1994 2829; baseline 0.005 -7"><span class='ocrx_word' id='word_1_484' title='bbox 1114 2809 1195 2827; x_wconf 69' lang='lat' dir='ltr'><strong>magna</strong></span> <span class='ocrx_word' id='word_1_485' title='bbox 1211 2803 1232 2823; x_wconf 86' lang='lat' dir='ltr'><strong>in</strong></span> <span class='ocrx_word' id='word_1_486' title='bbox 1248 2805 1316 2823; x_wconf 85' lang='lat' dir='ltr'><strong>cantu</strong></span> <span class='ocrx_word' id='word_1_487' title='bbox 1334 2808 1384 2823; x_wconf 87' lang='lat' dir='ltr'><strong>curn</strong></span> <span class='ocrx_word' id='word_1_488' title='bbox 1401 2804 1480 2824; x_wconf 83' lang='lat' dir='ltr'><strong>tomba</strong></span> <span class='ocrx_word' id='word_1_489' title='bbox 1496 2810 1567 2829; x_wconf 80' lang='lat' dir='ltr'><strong>super</strong></span> <span class='ocrx_word' id='word_1_490' title='bbox 1582 2805 1702 2829; x_wconf 79' lang='lat' dir='ltr'><strong>sepultura</strong></span> <span class='ocrx_word' id='word_1_491' title='bbox 1718 2810 1745 2825; x_wconf 82' lang='lat' dir='ltr'><strong>ac</strong></span> <span class='ocrx_word' id='word_1_492' title='bbox 1761 2806 1834 2826; x_wconf 74' lang='lat' dir='ltr'><strong>cereis</strong></span> <span class='ocrx_word' id='word_1_493' title='bbox 1850 2806 1942 2826; x_wconf 77' lang='lat' dir='ltr'><strong>duobus</strong></span> <span class='ocrx_word' id='word_1_494' title='bbox 1958 2812 1994 2827; x_wconf 78' lang='lat' dir='ltr'><strong>ac-</strong></span> 
     </span>
     <span class='ocr_line' id='line_1_48' title="bbox 1113 2848 1993 2875; baseline 0.003 -8"><span class='ocrx_word' id='word_1_495' title='bbox 1113 2849 1190 2868; x_wconf 77' lang='lat' dir='ltr'><strong>censis</strong></span> <span class='ocrx_word' id='word_1_496' title='bbox 1210 2848 1269 2868; x_wconf 76' lang='lat' dir='ltr'><strong>circa</strong></span> <span class='ocrx_word' id='word_1_497' title='bbox 1286 2848 1360 2873; x_wconf 74' lang='lat' dir='ltr'><strong>ipsam</strong></span> <span class='ocrx_word' id='word_1_498' title='bbox 1383 2849 1486 2868; x_wconf 85' lang='lat' dir='ltr'><strong>tombam</strong></span> <span class='ocrx_word' id='word_1_499' title='bbox 1510 2850 1615 2874; x_wconf 86' lang='lat' dir='ltr'><strong>tempore</strong></span> <span class='ocrx_word' id='word_1_500' title='bbox 1631 2849 1699 2870; x_wconf 81' lang='lat' dir='ltr'><strong>otticii</strong></span> <span class='ocrx_word' id='word_1_501' title='bbox 1717 2852 1738 2870; x_wconf 86' lang='lat' dir='ltr'><strong>et</strong></span> <span class='ocrx_word' id='word_1_502' title='bbox 1756 2850 1825 2870; x_wconf 80' lang='lat' dir='ltr'><strong>misse</strong></span> <span class='ocrx_word' id='word_1_503' title='bbox 1849 2856 1938 2875; x_wconf 75' lang='lat' dir='ltr'><strong>magne,</strong></span> <span class='ocrx_word' id='word_1_504' title='bbox 1955 2851 1993 2875; x_wconf 76' lang='lat' dir='ltr'><strong>qni</strong></span> 
     </span>
     <span class='ocr_line' id='line_1_49' title="bbox 1120 2892 1993 2918; baseline 0.002 -6"><span class='ocrx_word' id='word_1_505' title='bbox 1120 2893 1179 2912; x_wconf 81' lang='lat' dir='ltr'><strong>cerei</strong></span> <span class='ocrx_word' id='word_1_506' title='bbox 1195 2892 1240 2912; x_wconf 86' lang='lat' dir='ltr'><strong>sint</strong></span> <span class='ocrx_word' id='word_1_507' title='bbox 1260 2892 1342 2912; x_wconf 73' lang='lat' dir='ltr'><strong>saltem</strong></span> <span class='ocrx_word' id='word_1_508' title='bbox 1366 2892 1480 2912; x_wconf 84' lang='lat' dir='ltr'><strong>ontiarum</strong></span> <span class='ocrx_word' id='word_1_509' title='bbox 1497 2898 1536 2913; x_wconf 79' lang='lat' dir='ltr'><strong>sex</strong></span> <span class='ocrx_word' id='word_1_510' title='bbox 1553 2899 1594 2918; x_wconf 89' lang='lat' dir='ltr'><strong>pro</strong></span> <span class='ocrx_word' id='word_1_511' title='bbox 1609 2893 1709 2918; x_wconf 70' lang='lat' dir='ltr'><strong>singulo.</strong></span> <span class='ocrx_word' id='word_1_512' title='bbox 1727 2894 1752 2914; x_wconf 83' lang='lat' dir='ltr'><strong>Et</strong></span> <span class='ocrx_word' id='word_1_513' title='bbox 1765 2894 1870 2914; x_wconf 82' lang='lat' dir='ltr'><strong>similiter</strong></span> <span class='ocrx_word' id='word_1_514' title='bbox 1892 2900 1942 2914; x_wconf 83' lang='lat' dir='ltr'><strong>cum</strong></span> <span class='ocrx_word' id='word_1_515' title='bbox 1959 2896 1993 2914; x_wconf 73' lang='lat' dir='ltr'><strong>tut</strong></span> 
     </span>
     <span class='ocr_line' id='line_1_50' title="bbox 1119 2936 1995 2961; baseline 0.001 -5"><span class='ocrx_word' id='word_1_516' title='bbox 1119 2937 1196 2957; x_wconf 80' lang='lat' dir='ltr'><strong>missis</strong></span> <span class='ocrx_word' id='word_1_517' title='bbox 1219 2936 1297 2961; x_wconf 79' lang='lat' dir='ltr'><strong>parvis</strong></span> <span class='ocrx_word' id='word_1_518' title='bbox 1317 2938 1372 2961; x_wconf 80' lang='lat' dir='ltr'><strong>quot</strong></span> <span class='ocrx_word' id='word_1_519' title='bbox 1389 2937 1433 2961; x_wconf 84' lang='lat' dir='ltr'><strong>ipsi</strong></span> <span class='ocrx_word' id='word_1_520' title='bbox 1449 2937 1570 2957; x_wconf 85' lang='lat' dir='ltr'><strong>habuerint</strong></span> <span class='ocrx_word' id='word_1_521' title='bbox 1587 2938 1607 2957; x_wconf 88' lang='lat' dir='ltr'><strong>in</strong></span> <span class='ocrx_word' id='word_1_522' title='bbox 1623 2940 1738 2958; x_wconf 77' lang='lat' dir='ltr'><strong>conventu</strong></span> <span class='ocrx_word' id='word_1_523' title='bbox 1755 2943 1806 2961; x_wconf 72' lang='lat' dir='ltr'><strong>suo,</strong></span> <span class='ocrx_word' id='word_1_524' title='bbox 1822 2944 1833 2958; x_wconf 82' lang='lat' dir='ltr'><strong>a</strong></span> <span class='ocrx_word' id='word_1_525' title='bbox 1851 2939 1956 2960; x_wconf 72' lang='lat' dir='ltr'><strong>mortuis.</strong></span> <span class='ocrx_word' id='word_1_526' title='bbox 1973 2939 1995 2958; x_wconf 91' lang='lat' dir='ltr'><strong>in</strong></span> 
     </span>
    </p>
   </div>
   <div class='ocr_carea' id='block_1_15' title="bbox 1117 2980 1928 3005">
    <p class='ocr_par' dir='ltr' id='par_1_15' title="bbox 1117 2980 1928 3005">
     <span class='ocr_line' id='line_1_51' title="bbox 1117 2980 1928 3005; baseline -0.001 -3"><span class='ocrx_word' id='word_1_527' title='bbox 1117 2981 1242 3002; x_wconf 80' lang='lat' dir='ltr'><strong>remedium</strong></span> <span class='ocrx_word' id='word_1_528' title='bbox 1259 2982 1280 3001; x_wconf 90' lang='lat' dir='ltr'><strong>et</strong></span> <span class='ocrx_word' id='word_1_529' title='bbox 1297 2980 1431 3005; x_wconf 70' lang='lat' dir='ltr'><strong>suffragium</strong></span> <span class='ocrx_word' id='word_1_530' title='bbox 1448 2981 1523 3001; x_wconf 89' lang='lat' dir='ltr'><strong>anime</strong></span> <span class='ocrx_word' id='word_1_531' title='bbox 1539 2986 1579 3001; x_wconf 78' lang='lat' dir='ltr'><strong>sue</strong></span> <span class='ocrx_word' id='word_1_532' title='bbox 1596 2983 1616 3001; x_wconf 85' lang='lat' dir='ltr'><strong>et</strong></span> <span class='ocrx_word' id='word_1_533' title='bbox 1633 2983 1808 3002; x_wconf 74' lang='lat' dir='ltr'><strong>autecessorum</strong></span> <span class='ocrx_word' id='word_1_534' title='bbox 1825 2988 1928 3002; x_wconf 69' lang='lat' dir='ltr'><strong>suorum.</strong></span> 
     </span>
    </p>
   </div>
   <div class='ocr_carea' id='block_1_16' title="bbox 1968 3035 1994 3055">
    <p class='ocr_par' dir='ltr' id='par_1_16' title="bbox 1968 3035 1994 3055">
     <span class='ocr_line' id='line_1_52' title="bbox 1968 3035 1994 3055; baseline 0.038 -1"><span class='ocrx_word' id='word_1_535' title='bbox 1968 3035 1994 3055; x_wconf 72' lang='lat'><strong>:38</strong></span> 
     </span>
    </p>
   </div>
  </div>
 </body>
</html>
