2305 3407
1959 146 2024 181 249.

1006 325 1220 365 CMLII.

296 445 324 472 11
350 444 513 481 Capitolo
538 444 572 472 di
599 444 632 474 S.
659 443 827 472 Mostiola
852 452 1007 479 approva
1034 443 1057 470 il
1083 448 1292 479 pagamento
1318 444 1408 471 delle
1435 443 1649 479 riparazioni
1676 445 1719 472 ad
1745 453 1812 472 una
1839 453 1935 473 casa.

832 564 994 596 1667,
1026 565 1312 596 febln-aui0,
1343 566 1396 590 ὃ.

767 654 843 677 (Ascli.
860 654 940 674 Notas*
957 654 978 674 di
996 653 1074 675 l’avia.
1092 666 1096 667 ν
1111 666 1114 667 ⁷
1132 654 1178 674 Atti
1195 654 1216 674 di
1233 654 1308 675 Guido
1324 654 1460 679 Manganw,

269 839 392 955 N
448 854 490 881 EL
514 850 655 882 chiostro
680 850 714 882 cii
738 849 770 882 S.
797 850 963 885 MostIOIa,
990 851 1136 882 adunato
1161 851 1184 882 il
1210 850 1373 892 capitolo,
1399 852 1440 883 de
1466 853 1625 883 mandato
1652 854 1861 884 reverendi...
1895 854 2020 884 domini

468 912 580 945 fratris
597 911 746 944 Cornelii
764 912 805 943 de
825 911 994 944 Placentia
1014 913 1135 953 prioris
1154 913 1294 954 predicti
1315 915 1519 951 monasterii,
1536 915 1568 946 ιή
1586 915 1639 946 cui
1655 923 1753 946 erano
1779 924 1839 946 con
1857 915 1903 946 lui
1919 916 2022 947 unche

219 969 220 1015 i
407 1012 410 1013 ⁷
439 982 441 989 ’
468 976 568 1008 trater
604 976 797 1008 Lactantius
833 976 874 1008 de
912 976 1083 1008 Placentia
1120 978 1151 1008 et
1187 976 1287 1008 frater
1324 975 1556 1008 Bertolameus
1590 977 1826 1015 vercellensis,
1858 978 2020 1009 ricordata

203 1039 222 1071 I'
236 1040 425 1071 investitura
450 1039 485 1070 di
508 1047 573 1070 una
599 1047 679 1070 casa
704 1047 848 1070 annessa
874 1039 908 1070 al
932 1040 1101 1076 convento,
1139 1047 1298 1070 concessa
1335 1039 1392 1070 clai
1427 1038 1574 1079 religiosi
1598 1048 1618 1070 a
1645 1038 1732 1071 Gicm
1759 1039 1895 1080 Stefano
1937 1040 2022 1071 Faz-

201 1102 304 1138 zardi,
330 1101 416 1133 colla
441 1101 635 1133 condilione
659 1101 694 1132 di
717 1101 960 1141 compensatgli
983 1101 1011 1132 Ie
1036 1110 1130 1141 spese
1155 1101 1238 1132 delle
1263 1102 1466 1141 rsparazioni
1489 1101 1546 1132 elie
1571 1101 1710 1133 avrebhe
1729 1101 1828 1142 fatto,
1848 1103 2024 1134 esaminuti

201 1165 213 1196 i
236 1165 323 1195 conti
342 1164 524 1204 presentati
547 1163 590 1195 a'a
615 1164 662 1195 lui
685 1172 701 1194 e
726 1163 784 1195 clie
808 1172 890 1194 sono
916 1164 1050 1195 annessi
1073 1163 1223 1200 ull'atto,
1249 1164 1278 1194 si
1302 1163 1446 1195 delibera
1471 1164 1505 1195 di
1522 1163 1621 1204 farne
1646 1164 1669 1195 il
1692 1164 1801 1195 debito
1819 1167 2021 1205 pagumento

202 1226 237 1257 al
261 1225 439 1257 Fazzardi.

994 1426 1234 1467 CMLIII.

289 1545 317 1572 11
344 1545 501 1573 Podesta
527 1545 561 1572 di
586 1544 697 1572 Pavia
734 1544 916 1572 condanna
949 1545 1014 1572 due
1041 1544 1198 1572 Paratici
1222 1545 1350 1580 perche
1379 1553 1445 1572 non
1481 1545 1751 1581 parteciparono
1788 1545 1859 1573 alla
1892 1546 2020 1574 offerta

199 1598 364 1634 generale
390 1607 409 1626 a
436 1598 470 1626 S.
503 1598 621 1629 Paolo,

851 1718 1014 1751 1667,
1046 1719 1256 1751 aprile,
1288 1719 1378 1745 27.

616 1808 693 1829 iArch.
710 1808 746 1828 del
762 1808 848 1829 Museo
863 1807 942 1829 Civico
959 1808 980 1829 di
997 1810 1054 1829 stor.
1072 1810 1131 1834 patr.
1148 1808 1170 1829 di
1188 1808 1266 1829 pavia*
1282 1819 1307 1822 ἡ
1325 1808 1426 1834 Offerre,
1456 1814 1528 1834 paceo
1544 1809 1600 1831 408).

215 1983 217 2010 *
437 1999 550 2044 own,
576 2006 629 2037 die
655 2006 697 2037 27
723 2005 858 2046 Aprilis,
886 2006 917 2037 in
944 2006 1060 2037 tertiis.

215 2077 217 2088 ⁴
251 1992 404 2109 M
437 2095 438 2099 ,
555 2068 759 2109 Magnificus
786 2067 825 2099 D.
851 2067 967 2099 Pretor
992 2070 1023 2099 et
1050 2069 1155 2100 maior
1192 2069 1409 2109 magistratus
1446 2068 1592 2099 civitatis
1629 2070 1660 2099 et
1686 2068 1865 2099 comitatus
1892 2067 2019 2108 Papiae

215 2098 217 2109 1

216 2112 283 2168 ²77
414 2103 438 2168 j
467 2131 499 2162 in
525 2131 591 2162 hiis
616 2130 750 2171 scriptis
775 2131 943 2162 concessit
968 2132 999 2161 et
1025 2130 1161 2162 liberam
1189 2130 1354 2162 licentiam
1381 2130 1474 2161 dedit
1499 2132 1530 2161 et
1556 2130 1612 2161 dat
1636 2130 1838 2170 cuicumque
1864 2130 2017 2161 servitori

197 2196 228 2226 et
251 2193 399 2225 familiae
425 2193 543 2234 prefati
569 2191 745 2230 Comunis,
771 2193 972 2233 pignorandi
998 2194 1029 2224 et
1054 2192 1240 2224 derobandi
1278 2192 1437 2223 consules
1463 2192 1687 2232 paraticorum
1729 2191 2018 2232 infrascriptorum

199 2255 240 2287 de
265 2257 297 2287 et
322 2265 382 2296 pro
408 2256 511 2287 torcia
537 2263 602 2286 una
627 2263 701 2286 cere
726 2254 801 2285 albe
827 2254 988 2294 ponderis
1026 2254 1107 2285 libre
1142 2254 1241 2285 unius
1267 2263 1327 2294 pro
1353 2253 1487 2294 singula
1513 2262 1550 2285 ac
1576 2253 1617 2285 de
1643 2255 1674 2285 et
1700 2262 1761 2294 pro
1785 2253 1913 2284 floreno
1951 2262 2018 2284 uno

199 2320 329 2350 monete
354 2327 414 2358 pro
439 2317 592 2358 quolibet
617 2317 766 2357 paratico
793 2325 853 2356 pro
879 2325 966 2357 pena
1003 2317 1147 2355 incursa,
1184 2325 1224 2347 eo
1262 2316 1340 2356 quia
1370 2316 1550 2347 renitentes
1576 2318 1607 2347 et
1633 2315 1844 2357 negligentes
1883 2315 2019 2347 fuerunt

199 2380 230 2412 in
257 2380 420 2412 mittendo
445 2382 476 2412 et
501 2379 691 2412 traddendo
718 2379 868 2420 ipsorum
895 2379 1120 2419 paraticorum
1147 2378 1265 2409 tortias
1290 2377 1523 2409 oblationibus
1548 2377 1784 2418 infrascriptis,
1809 2379 1869 2409 etc.

287 2442 438 2481 Quorum
464 2443 689 2483 paraticorum
715 2442 1002 2482 pignorandorum
1029 2441 1165 2472 nomina
1191 2442 1268 2472 sunt
1295 2441 1364 2478 hec,
1391 2440 1568 2471 videlicet:

286 2503 457 2537 Consules
483 2505 620 2545 paratici
646 2503 869 2535 furnariorum
906 2505 938 2535 et
963 2501 1133 2535 Consules
1162 2503 1300 2543 paratici
1327 2501 1573 2533 fustaniorum:
1611 2511 1671 2542 pro
1697 2502 1811 2533 torciis
1837 2510 1903 2533 non
1928 2502 2018 2533 datis

199 2567 231 2598 in
256 2567 427 2599 oblatione
453 2565 512 2599 S.ti
539 2565 634 2598 Pauli
660 2568 691 2598 et
717 2574 777 2607 pro
802 2565 932 2596 floreno
958 2574 1024 2596 uno
1061 2566 1193 2596 monete
1220 2573 1279 2605 pro
1304 2564 1440 2605 singulo
1477 2564 1626 2604 paratico
1652 2573 1712 2604 pro
1749 2573 1837 2604 pena
1873 2564 2018 2595 incursa.

1063 2627 1263 2659 Franciscus
1289 2626 1475 2668 Baglionus
1502 2626 1732 2658 locumtenens
1756 2623 1817 2666 (1),

256 2813 286 2837 (l)
301 2813 326 2834 Αἱ
342 2813 368 2833 22
382 2813 455 2839 aprile
478 2813 513 2834 nel
536 2812 655 2839 Consiglio
676 2812 698 2833 di
722 2812 873 2833 Provvisione
896 2812 955 2833 (Atti
970 2811 995 2832 di·
1010 2810 1079 2832 Prov-
1133 2811 1235 2836 aliquam
1252 2809 1419 2835 obligationem
1436 2809 1542 2831 solvendi
1557 2810 1636 2835 aliqua
1652 2815 1732 2831 eorum
1748 2809 1832 2830 damna
1848 2814 1890 2830 nec
1905 2808 2011 2830 sumendi

203 2857 300 2882 visione,
317 2863 389 2883 paceo
407 2858 438 2881 19)
454 2857 540 2878 iactum
556 2859 592 2879 est
608 2857 720 2883 partitum
744 2862 772 2878 an
795 2856 905 2883 expediat
921 2856 956 2877 vel
972 2861 1000 2876 ne
1015 2855 1078 2881 quod
1133 2855 1235 2880 aliquam
1252 2854 1418 2879 obligationem
1434 2854 1533 2874 alieuius
1548 2855 1638 2875 asserte
1649 2854 1718 2875 solite
1729 2853 1850 2874 elimosine
1866 2852 1941 2873 tiendo
1951 2852 2014 2873 dicto

203 2901 243 2923 liat
259 2902 346 2923 bultem
362 2902 485 2928 magnifico
509 2902 603 2923 domino
628 2901 800 2923 Retierendario
824 2901 929 2922 solvendi
946 2900 1079 2921 reverendis
1135 2899 1285 2920 monasterio.
1303 2898 1329 2919 Et
1345 2899 1388 2919 lioc
1404 2898 1432 2919 de
1448 2898 1635 2924 quibuscumque
1658 2897 1762 2923 pecuniis
1788 2896 1876 2923 pretate
1893 2896 2014 2921 magnifice

202 2946 297 2967 domino
313 2946 385 2967 Priori
401 2952 442 2967 seu
458 2946 569 2967 iratribus
593 2946 668 2967 sancti
691 2945 755 2967 Pauli
771 2947 853 2966 sentos
868 2946 978 2971 quatuor,
995 2945 1033 2970 qui
1050 2944 1081 2965 ia-
1136 2943 1294 2965 Coniunitatis
1316 2944 1362 2963 tam
1379 2942 1467 2963 exactis
1489 2947 1558 2967 quum
1579 2941 1707 2968 exigendis.
1734 2941 1760 2962 Et
1776 2941 1837 2961 datis
1854 2940 1939 2961 balmis
1953 2945 2015 2960 suni-

203 2990 263 3012 tiunt
279 2991 350 3012 libras
366 2991 446 3017 viginti
469 2990 528 3012 duas
543 2990 697 3016 imperialium
719 2990 818 3011 attentis
833 2990 909 3015 dignis
924 2990 946 3010 et
962 2989 1031 3010 iustis
1047 2994 1081 3009 ra·
1136 2988 1229 3014 piisque
1245 2987 1363 3012 suffragiis
1378 2987 1500 3007 obtentum
1516 2985 1558 3007 tuit
1575 2986 1685 3012 partitum
1703 2985 1765 3011 quod
1782 2985 1821 3006 liat
1839 2986 1907 3011 prout
1923 2989 2001 3010 supra.

202 3035 306 3056 tionibus
323 3036 345 3057 et
361 3035 440 3056 causis
455 3035 645 3056 commemoratis
661 3036 683 3056 et
698 3035 755 3056 citra
772 3036 848 3056 tamen
864 3034 965 3055 animuin
977 3033 1083 3054 sumendi
1987 3055 2014 3076 32
