2305 3407
1928 192 1971 223 47

157 325 242 356 duas
267 327 379 366 partes
404 334 445 356 ex
472 325 590 362 tribus,
617 325 682 356 imo
708 326 812 356 totum
839 326 870 356 et
896 325 1059 365 integrum
1086 323 1281 365 Capitulum
1309 323 1427 364 prefati
1456 324 1653 356 Monasterii
1692 326 1798 356 sancti
1827 324 1912 356 Petri
1941 326 1971 356 in

156 387 228 419 celo
253 396 366 425 aureo,
392 396 506 418 eorum
533 387 727 418 nominibus
752 388 783 418 et
809 387 942 418 nomine
968 388 1000 418 et
1026 387 1099 418 vice
1137 387 1200 418 iam
1238 386 1316 417 dicti
1344 395 1458 417 eorum
1497 387 1689 418 monasterii
1716 389 1747 417 et
1773 390 1972 424 conventus,

157 458 286 480 necnon
314 450 345 480 et
370 449 480 480 tocius
506 448 654 488 prefacte
681 447 971 489 Congregacionis
998 448 1234 480 Lateranensis
1260 447 1510 480 Canonicorum
1541 448 1755 489 regullarium
1782 450 1887 480 5311611
1914 454 1976 480 Au-

157 511 281 552 gustini
309 511 349 542 de
375 509 614 547 Observantia,
641 519 700 550 pro
727 519 792 550 qua
819 512 886 541 tota
913 509 1185 552 Congregatione
1210 511 1251 542 de
1277 513 1361 542 ratto
1387 513 1418 542 et
1445 511 1536 551 quod
1578 511 1804 542 santificabunt
1839 511 1976 551 promit-

158 574 230 604 tunt
255 576 289 604 ut
315 572 410 610 infra,
435 582 477 604 ex
505 581 569 603 una
596 574 698 613 parte.
732 572 770 603 Et
797 571 1015 605 Reverendus
1048 582 1142 605 sacre
1179 574 1301 614 pagine
1339 573 1511 613 professor
1547 573 1706 604 dominus
1744 574 1902 613 magister
1928 572 1977 604 lo-

159 636 287 666 liannes
313 634 569 666 Bartholomeus
595 634 636 665 de
662 633 854 673 Valmacha,
881 633 976 665 Prior
1002 634 1199 667 Monasterii
1226 637 1257 667 et
1289 634 1489 668 Conventus
1526 635 1631 666 sancti
1659 634 1838 675 Augustini
1873 634 1976 675 Papie

157 696 296 729 Ordinis
322 696 576 733 Heremitarum,
601 698 632 727 et
657 705 731 727 cum
758 706 797 727 eo
824 699 854 728 et
880 705 985 737 penes
1022 706 1097 728 eum
1137 697 1310 729 reverendi
1338 706 1433 729 sacre
1459 697 1581 738 pagine
1608 696 1821 737 professores
1847 697 1973 727 domini

159 761 317 801 magister
343 760 506 791 lohannes
533 758 792 791 Bartholomeus
818 759 859 791 de
885 757 1081 797 Castelatio,
1101 760 1259 800 magister
1277 758 1414 791 Gabriel
1433 760 1474 791 de
1493 758 1609 800 Papia,
1628 761 1659 790 et
1678 759 1837 800 magister
1856 758 1975 790 Petrus

159 823 200 854 de
224 821 460 859 Castronovo;
488 831 617 853 necnon
644 822 770 853 domini
796 821 896 853 frater
934 821 1052 853 Petrus
1089 822 1130 853 de
1167 811 1297 854 Caneto
1335 822 1562 860 baclialarius,
1598 821 1699 853 frater
1740 821 1905 852 Iohannes
1931 821 1971 852 de

159 885 309 925 Yspania
335 884 447 921 lector,
473 883 574 915 frater
611 883 778 915 lohannes
803 884 845 915 de
872 883 994 921 Trici0,
1031 883 1132 915 frater
1171 884 1358 915 Nicliolaus
1384 884 1424 916 de
1451 884 1618 919 Fazardis¹
1650 884 1750 915 frater
1787 883 1913 914 Paulus
1938 883 1979 914 de

159 946 274 988 Papia.
299 946 400 977 frater
424 945 551 977 Paulus
576 946 617 977 de
643 944 851 983 Castellatio,
877 945 976 977 frater
1002 946 1167 977 lohannes
1193 945 1360 977 Antonius
1378 946 1418 978 de
1437 944 1646 984 Castellatio,
1665 945 1765 977 frater
1783 945 1980 977 Vincentius

159 1011 200 1041 de
226 1009 388 1045 Bononia,
415 1008 516 1040 frater
541 1008 708 1039 Antonius
735 1009 775 1039 de
803 1008 952 1045 Francia,
978 1008 1079 1040 frater
1104 1007 1290 1048 Gregorius
1317 1008 1357 1039 de
1377 1007 1493 1048 Papia,
1512 1008 1611 1039 frater
1631 1008 1779 1039 Micliael
1800 1007 1840 1038 de
1861 1006 1977 1047 Papia,

159 1072 259 1104 frater
285 1071 444 1103 Ansanus
471 1071 511 1102 de
537 1070 751 1111 Codognola,
778 1070 879 1102 frater
906 1071 1049 1102 Micliael
1070 1070 1220 1110 Angelus
1238 1070 1278 1101 de
1299 1069 1413 1110 Papia,
1433 1069 1533 1101 frater
1552 1070 1692 1110 Egidius
1723 1070 1763 1100 de
1794 1069 1980 1106 Alamania,

160 1135 260 1166 frater
287 1133 458 1174 Remigius
484 1134 524 1164 de
551 1133 737 1168 Alamania,
775 1133 876 1164 frater
914 1133 1078 1164 lohannes
1113 1132 1379 1173 Portugalensis,
1406 1132 1504 1163 frater
1530 1130 1716 1172 Gregorius
1743 1131 1925 1171 Ungliarus
1951 1134 1981 1162 et

160 1197 260 1228 trater
286 1196 412 1227 Paulus
439 1196 478 1227 de
506 1195 655 1236 Bugella,
682 1205 799 1227 omnes
825 1195 943 1227 fratres
970 1195 1114 1236 professi
1134 1195 1212 1225 dicti
1232 1193 1371 1225 Ordinis
1398 1194 1640 1225 Heremitarum
1667 1194 1772 1224 sancti
1801 1192 1980 1233 Augustini

160 1268 199 1291 ac
225 1259 415 1290 residentes
441 1260 471 1289 et
499 1267 616 1289 vocem
656 1258 818 1289 facientes
856 1258 886 1289 111
926 1256 1086 1297 Capitulo
1123 1255 1242 1296 prefati
1282 1255 1479 1287 Monasterii
1522 1256 1627 1287 sancti
1656 1255 1836 1295 Augustini
1864 1254 1980 1295 Papie,

162 1322 285 1353 ibidem
312 1321 355 1352 ab
381 1321 446 1352 alio
473 1320 574 1351 latere
600 1321 678 1351 dicti
706 1321 796 1351 611011
825 1320 951 1360 prefate
977 1319 1128 1355 ecclesie,
1155 1319 1383 1358 capitulariter
1408 1319 1584 1349 convocati
1612 1321 1643 1349 et
1668 1318 1862 1358 congregati
1897 1326 1982 1348 sono

161 1383 369 1424 campanelle
396 1383 574 1423 premisso,
601 1384 698 1422 prout
724 1383 826 1414 moris
852 1385 912 1419 est,
938 1383 978 1413 (16
1005 1381 1163 1413 mandato
1190 1381 1308 1421 prefati
1336 1381 1463 1412 domini
1491 1380 1616 1411 Prioris
1635 1380 1798 1411 facientes
1824 1382 1855 1411 et
1873 1388 1985 1420 repre-

162 1448 344 1483 sentantes,
370 1448 401 1476 et
426 1446 482 1485 qui
509 1448 596 1482 sunt,
622 1445 749 1476 faciunt
775 1447 806 1476 et
832 1447 1073 1485 representant,
1101 1447 1134 1476 ut
1159 1446 1325 1481 asserunt,
1353 1444 1510 1474 maiorem
1538 1446 1569 1474 et
1595 1443 1761 1474 saniorem
1800 1444 1926 1482 partem
1952 1445 1984 1473 et

164 1508 344 1549 plusquam
371 1508 457 1538 duas
484 1510 596 1547 partes
621 1516 663 1538 ex
690 1508 807 1545 tribus,
835 1508 900 1538 imo
927 1507 993 1538 fere
1034 1509 1139 1538 totum
1166 1508 1196 1537 et
1224 1506 1388 1546 integrum
1427 1503 1620 1545 Capitulum
1660 1505 1723 1536 iam
1761 1505 1838 1535 dicti
1866 1513 1981 1535 eorum

165 1570 369 1608 monasterii,
396 1572 494 1610 prout
520 1570 568 1601 sic
594 1579 709 1601 verum
737 1569 806 1600 fore
833 1570 958 1607 dicunt,
984 1570 1185 1600 confitentur
1210 1570 1240 1599 et
1267 1570 1495 1608 protestantur
1535 1576 1699 1607 expresse
1726 1569 1757 1598 et
1783 1565 1983 1598 Conventus

165 1633 317 1664 eiusdem
343 1641 381 1663 ac
401 1630 551 1670 Ordinis,
578 1634 670 1672 parte
696 1641 737 1663 ex
763 1632 876 1662 altera:
903 1641 1003 1671 quem
1031 1632 1138 1662 locum
1165 1630 1263 1662 ambe
1290 1633 1402 1670 partes
1429 1630 1577 1670 predicte
1605 1638 1664 1670 pro
1683 1638 1797 1660 60111111
1817 1627 1986 1669 Capitulis

164 1697 196 1726 et
222 1695 294 1726 loco
320 1693 566 1735 Capitullorum
595 1704 654 1735 pro
681 1694 904 1734 infrascriptis
942 1694 1145 1734 peragendis
1183 1693 1375 1733 specialiter
1400 1694 1431 1724 et
1456 1701 1618 1732 expresse
1656 1691 1719 1723 sibi
1754 1691 1930 1731 elligerunt
1956 1693 1986 1722 et

164 1757 315 1798 elligunt,
342 1757 494 1788 volentes
519 1759 551 1788 et
578 1757 800 1792 intendentes,
840 1758 939 1796 prout
976 1756 1070 1787 decet
1107 1756 1234 1796 probos
1260 1757 1291 1786 et
1318 1755 1510 1795 relligiosos
1547 1755 1639 1785 viros
1665 1754 1985 1793 ecclesiasticasque

165 1828 340 1860 personas,
367 1828 480 1851 veram
507 1828 623 1859 pacem
649 1819 807 1859 amplecti
834 1820 865 1850 et
892 1819 922 1849 in
949 1827 1031 1858 pace
1058 1819 1181 1854 vivere,
1208 1819 1239 1848 et
1264 1817 1307 1848 ab
1334 1817 1528 1848 huiusmodi
1555 1817 1796 1847 controversiis
1822 1817 1853 1846 et
1879 1816 1988 1847 disce-

165 1882 375 1922 ptationibus
400 1882 621 1913 amicabiliter
645 1882 833 1919 discedere,
860 1883 892 1912 et
918 1881 992 1912 illas
1019 1883 1181 1921 quantum
1209 1882 1353 1920 possunt
1379 1879 1509 1917 sedare,
1536 1880 1710 1919 presertim
1738 1887 1776 1909 ne
1803 1878 1914 1909 cultus
1940 1878 1989 1908 di-

165 1944 265 1975 vinus
291 1944 474 1984 divinaque
500 1943 605 1974 offitia
632 1944 663 1974 in
689 1943 832 1974 66616513
871 1943 944 1983 ipsa
982 1943 1190 1979 deserantur,
1223 1942 1282 1973 sed
1322 1942 1436 1982 potius
1472 1943 1668 1982 augeantur,
1694 1943 1725 1972 et
1752 1943 1785 1971 ut
1811 1941 1851 1971 de
1878 1942 1988 1972 cetero

165 2015 238 2036 cum
266 2006 390 2036 maiore
415 2005 656 2045 tranquillitate
682 2007 713 2036 et
738 2006 851 2045 quiete
877 2005 982 2036 offitia
1010 2006 1083 2045 ipsa
1110 2005 1224 2035 divina
1251 2004 1429 2043 cultusque
1456 2004 1593 2035 divinus
1618 2003 1837 2034 celebrentur:
1858 2002 1988 2033 Admit-

166 2070 342 2108 tentesque
369 2067 488 2108 prefati
514 2068 641 2098 domini
669 2067 763 2098 Prior
788 2070 819 2098 et
845 2067 977 2099 Fratres
1003 2068 1198 2098 lreremitani
1237 2066 1388 2107 prefatos
1426 2066 1583 2097 dominos
1624 2064 1819 2098 Canonicos
1858 2065 1989 2096 Latera-

167 2139 290 2162 nenses
315 2130 355 2161 ad
383 2130 653 2161 conveniendum
679 2139 753 2161 cum
780 2130 829 2161 eis
855 2130 896 2161 de
922 2131 1032 2161 cetero
1060 2130 1090 2160 in
1119 2129 1203 2169 ipsis
1229 2129 1356 2159 divinis
1382 2128 1498 2159 offitiis
1539 2128 1763 2165 celebrandis,
1791 2128 1883 2158 iuxta
1910 2136 1989 2158 con-

167 2193 381 2224 suetudinem
409 2193 571 2223 hactenus
597 2193 797 2223 inconcusse
823 2192 1039 2223 observatam
1065 2201 1139 2222 cum
1166 2191 1305 2231 prefatis
1330 2191 1480 2230 antiquis
1506 2189 1700 2226 Canonicis,
1727 2189 1791 2221 sub
1817 2191 1926 2220 tamen
1954 2191 1984 2220 et

168 2264 243 2286 cum
270 2255 387 2295 pactis,
415 2255 536 2292 modis,
550 2254 667 2285 formis
692 2257 723 2285 et
749 2254 1012 2289 conditionibus,
1040 2254 1080 2284 de
1107 2253 1232 2293 quibus
1259 2252 1343 2283 infra
1368 2254 1399 2283 et
1425 2261 1489 2282 non
1516 2252 1620 2283 aliter:
1647 2250 1773 2291 Sponte
1792 2253 1822 2282 et
1840 2260 1881 2282 ex
1899 2253 1986 2282 certa

167 2317 307 2348 scientia
333 2318 365 2348 et
389 2317 474 2348 alias
500 2317 589 2347 omni
617 2317 696 2354 iure,
723 2317 788 2354 via,
815 2316 926 2353 modo,
953 2324 1056 2347 causa
1082 2317 1113 2346 et
1138 2315 1257 2352 forma,
1285 2315 1409 2354 quibus
1436 2315 1556 2345 melius
1581 2316 1612 2345 et
1639 2313 1786 2344 validius
1806 2315 1985 2353 potuerunt

168 2382 199 2411 et
225 2382 379 2420 possunt,
405 2379 503 2410 etiam
529 2379 570 2410 ad
598 2379 845 2419 persuaxiones
871 2380 901 2409 et
927 2378 1157 2409 exortationes
1184 2377 1443 2408 reverendorum
1486 2376 1807 2417 magnificorumque
1842 2376 1986 2406 virorum

169 2441 307 2473 inferius
333 2441 580 2481 descriptorum
607 2450 666 2472 seu
695 2441 830 2471 maioris
856 2441 960 2480 partis
986 2449 1111 2477 eorum,
1138 2439 1345 2470 devenerunt
1370 2440 1470 2478 atque
1497 2438 1679 2469 deveniunt
1696 2438 1738 2468 ad
1759 2437 1988 2477 infrascriptas

168 2504 413 2535 conventiones
439 2505 469 2534 et
495 2503 536 2534 ad
565 2503 778 2543 infrascripta
806 2504 913 2543 pacta,
940 2511 998 2542 per
1024 2503 1055 2533 et
1081 2502 1164 2532 inter
1190 2502 1302 2540 partes
1329 2501 1422 2540 ipsas
1448 2500 1618 2540 predictas
1644 2500 1716 2531 suis
1742 2501 1773 2531 et
1799 2499 1899 2530 dictis
1932 2508 1990 2529 no-

169 2566 317 2597 minibus
343 2566 465 2597 innitas
491 2568 521 2596 et
547 2565 654 2596 factas
680 2574 718 2596 ac
744 2565 848 2596 innita
873 2567 904 2595 et
930 2563 1029 2600 facta,
1056 2563 1221 2603 solempni
1259 2563 1478 2603 stipulatione
1517 2563 1593 2593 111116
1619 2562 1694 2593 inde
1736 2562 1987 2596 interveniente,

170 2628 313 2660 vallatas
338 2630 370 2659 et
396 2627 530 2665 vallata,
557 2627 735 2659 videlicet:

258 2689 381 2727 Primo,
408 2690 499 2730 quod
526 2690 695 2721 continuis
721 2689 931 2729 temporibus
957 2687 1074 2728 prefati
1102 2687 1228 2718 domini
1260 2686 1354 2718 Prior
1379 2689 1409 2718 et
1436 2686 1567 2718 Fratres
1604 2686 1797 2717 monasterii
1825 2694 1883 2717 seu
1910 2695 1989 2716 con-

170 2754 292 2784 ventus
317 2752 424 2784 sancti
452 2751 631 2793 Augustini
651 2750 790 2783 Ordinis
809 2750 1051 2782 Heremitarum
1078 2750 1231 2790 predicti,
1257 2749 1355 2781 simul
1383 2758 1457 2780 cum
1485 2749 1644 2789 predictis
1670 2748 1816 2779 dominis
1857 2747 1987 2779 Abbate

170 2816 202 2845 et
226 2800 410 2846 Canonicis
436 2813 660 2854 regullaribus
686 2813 726 2844 de
752 2812 970 2844 observantia
998 2812 1061 2842 iam
1088 2811 1176 2842 dicte
1202 2809 1486 2851 Congregationis
1513 2810 1758 2847 Lateranensis‚
1785 2810 1815 2840 in
1843 2810 1916 2849 ipsa
1935 2818 1989 2840 ec-

169 2876 272 2907 clesia
298 2875 390 2907 Beati
418 2874 504 2907 Petri
531 2876 562 2906 in
588 2875 661 2907 celo
687 2884 788 2907 aureo
815 2874 930 2915 Papie,
957 2874 1069 2905 dicant
1095 2875 1125 2904 et
1151 2873 1319 2904 celebrent
1345 2872 1486 2903 offitium
1506 2872 1657 2903 divinum
1677 2873 1775 2912 prout
1794 2872 1892 2902 etiam
1912 2871 1988 2902 hac—

170 2940 269 2970 tenus
294 2938 383 2970 soliti
410 2940 488 2970 sunt
512 2938 622 2970 dicere
647 2939 677 2969 et
695 2937 865 2969 celebrare
883 2945 958 2968 cum
977 2936 1138 2977 predictis
1155 2935 1306 2975 antiquis
1324 2933 1520 2972 Canonicis,
1539 2936 1570 2965 et
1588 2934 1680 2974 quod
1700 2934 1839 2974 predicti
1859 2933 1984 2964 domini

170 2997 333 3032 Canonici
360 2999 604 3032 Lateranenses
630 3000 661 3031 in
688 3000 773 3040 ipsis
799 2999 914 3031 missis
939 3000 970 3029 et
996 2998 1028 3029 in
1054 2997 1177 3028 officiis
1195 2998 1371 3028 teneantur
1388 2995 1557 3028 celebrare
1572 3004 1632 3027 seu
1651 2995 1760 3026 facere
1787 2995 1827 3026 de
1853 2993 1985 3026 Sanctis
