2305 3407
267 180 310 211 72

265 322 412 344 errorum
441 314 471 344 in
498 311 691 345 Christiana
734 312 919 353 Republica
962 312 1144 353 vigentium
1172 320 1209 343 ac
1235 312 1375 343 aliorum
1403 321 1467 352 que
1495 312 1525 342 in
1553 311 1684 343 cedulis
1709 311 1967 342 convocationis
1981 311 2086 342 conti-

266 378 393 413 nentur,
420 384 506 416 quas
533 375 796 407 Paternitatibus
823 375 951 406 Vestris
978 375 1246 411 transmittimus,
1273 375 1304 405 in
1332 374 1414 405 locis
1432 374 1578 414 publicis
1603 376 1633 405 et
1659 374 1831 405 consuetis
1850 373 2039 414 attigendas
2055 376 2085 404 et

263 447 281 469 a
309 439 407 470 vobis
447 439 529 470 bene
557 439 779 479 pensitandas
817 441 849 468 ut
886 438 1008 477 eligere
1045 446 1086 468 ex
1126 437 1377 477 probatissimis
1413 436 1690 476 doctissimisque
1728 436 1809 467 viris
1847 435 2084 468 Universitatis

265 504 374 532 vestre
402 501 552 538 valeatis,
580 501 635 541 qui
663 501 704 531 ad
732 503 855 531 tantam
883 509 950 531 rem
977 503 1008 530 et
1035 499 1148 539 plures
1174 507 1297 530 causas
1314 498 1403 530 Fidei
1425 499 1454 529 in
1474 499 1549 530 aliis
1564 498 1717 530 conciliis
1732 498 1880 529 nondum
1895 498 2085 536 conclusas,

265 564 336 594 suis
362 564 514 595 consiliis
553 563 730 599 iuvandas,
769 562 918 593 mittendi
957 562 1033 599 sint,
1071 562 1248 593 nobiscum
1286 561 1327 592 de
1364 562 1522 592 omnibus
1549 562 1578 592 in
1606 570 1784 592 commune
1809 560 2005 591 consulturi.
2033 559 2083 592 Ad

266 626 369 665 quod,
389 626 462 662 etsi,
482 626 573 656 nullo
599 626 813 661 admonente,
841 633 1022 664 properare
1049 624 1180 655 debetis
1206 627 1236 655 et
1263 625 1431 662 tenemini,
1459 624 1629 655 hortamur
1660 624 1877 655 nihilominus
1905 623 2083 664 plurimum

266 688 296 718 in
325 687 470 718 Domino
500 687 720 719 Paternitates
747 687 885 718 Vestras
911 687 1002 727 quod
1029 689 1095 718 tam
1122 689 1239 718 sancto
1265 690 1295 718 et
1322 687 1515 718 necessario
1540 687 1632 727 operi
1660 687 1780 718 deesse
1807 695 1871 717 non
1906 686 2028 723 velitis,
2054 688 2085 717 et

264 750 304 781 ad
331 751 546 781 constitutam
573 751 660 781 diem
689 750 864 780 nobiscum
891 749 1013 781 adesse
1038 749 1190 781 consiliis
1216 751 1247 780 et
1266 749 1454 780 rationibus
1481 749 1676 789 plenissime
1704 749 1866 785 instructi,
1893 746 2084 780 Christiane

266 811 460 852 Reipublice
479 815 509 844 et
528 811 649 844 Sancte
676 812 824 843 Ecclesie
850 820 973 843 causas
999 812 1155 843 curaturi.
1183 811 1222 842 Et
1248 812 1332 843 bene
1360 812 1467 842 valete
1493 820 1531 842 ac
1557 820 1619 843 nos
1637 811 1848 842 orationibus
1864 811 1985 842 iuvate.
2012 810 2086 842 Me-

263 875 401 910 diolani,
428 875 481 906 die
508 874 608 906 XXlll
637 873 867 911 maii,MDXl.
895 874 949 907 Uti
976 874 1094 906 fratres
1121 874 1293 914 Episcopi,
1321 873 1513 911 Presbiteri‚
1540 872 1681 905 Diaconi
1709 872 1831 906 Sancte
1850 872 1998 906 Romane
2025 873 2085 904 Ec-

263 937 363 968 clesie
390 936 602 974 Cardinales,
630 946 690 977 pro
718 938 806 968 bono
845 937 994 968 Ecclesie
1032 938 1062 968 in
1090 936 1291 968 Lombardia
1325 937 1566 968 convenientes
1592 938 1625 968 ut
1651 945 1753 976 supra
1779 945 1840 976 pro
1866 945 1901 967 se
1927 938 1957 967 et
1983 936 2086 967 adhc-

263 999 413 1030 rentibus
439 1000 503 1030 sibi
531 1008 604 1030 cum
632 999 810 1030 mandatis.
837 997 886 1029 De
913 999 1071 1030 mandato
1090 998 1295 1039 prefatorum
1316 999 1528 1030 dominorum
1548 1008 1695 1030 meorum
1716 998 2084 1035 reverendissimorum,

264 1058 505 1101 Sigismondus
531 1062 743 1093 secretarius.

353 1167 384 1199 ln
411 1168 613 1199 executione
639 1170 669 1199 et
696 1177 755 1208 pro
793 1168 1033 1199 observatione
1071 1168 1378 1208 suprascriptarum
1421 1168 1602 1199 litterarum
1644 1167 1808 1208 eligerunt
1834 1169 1863 1198 et
1889 1167 2015 1208 eligunt
2041 1176 2083 1198 ex

261 1231 515 1270 probatissimis
540 1231 820 1270 doctissimisque
847 1231 928 1262 viris
954 1231 1102 1270 predicte
1130 1230 1381 1268 Universitatis,
1408 1230 1615 1271 spectabiles
1648 1229 1967 1270 famosissimosque
1993 1230 2084 1260 viros

262 1293 420 1324 dominos
447 1291 648 1324 Ordinarios
674 1296 738 1324 tam
767 1292 849 1324 luris
876 1291 1038 1324 Canonici
1066 1302 1166 1333 quarn
1194 1293 1277 1324 luris
1304 1291 1425 1325 Civilis
1450 1302 1487 1324 ac
1515 1292 1677 1334 Legentes
1716 1293 1746 1323 in
1774 1290 1879 1324 Sexto
1905 1294 1935 1323 et
1968 1291 2085 1323 Extra-

263 1355 454 1386 ordinarios
481 1355 646 1397 Legentes
673 1356 703 1386 in
731 1355 801 1387 Iure
835 1354 1014 1386 Pontificio
1041 1356 1071 1386 in
1106 1364 1192 1393 sero,
1234 1364 1293 1387 nec
1336 1365 1400 1387 non
1438 1358 1469 1387 et
1506 1355 1724 1388 Reverendos
1765 1355 1939 1386 dominum
1981 1355 2086 1396 magi-

262 1420 366 1449 strum
394 1417 606 1449 Vincentium
633 1418 674 1450 de
702 1417 810 1450 Dodis
851 1416 990 1450 Ordinis
1031 1417 1297 1456 Predicatorum,
1339 1419 1511 1449 dominum
1551 1417 1789 1449 provintialem
1827 1416 2084 1450 Carmelitarum

263 1479 379 1520 Papie,
405 1480 579 1512 dominum
607 1481 804 1521 magistrum
831 1479 1033 1512 Damianum
1061 1481 1145 1512 de....
1173 1479 1312 1513 Ordinis
1339 1480 1590 1512 Predicatorum
1617 1484 1647 1512 et
1674 1481 1846 1512 dominum
1888 1481 2084 1522 magistrum

262 1542 535 1574 Bertholameum
562 1543 602 1574 de
630 1542 825 1580 Valmacha,
853 1543 909 1583 qui
936 1543 977 1574 ad
1005 1545 1130 1574 tantam
1169 1552 1237 1575 rem
1264 1546 1295 1574 et
1321 1543 1434 1584 plures
1472 1552 1596 1575 causas
1633 1543 1724 1574 Fidei
1753 1544 1783 1574 in
1810 1543 1886 1574 aliis
1922 1541 2085 1575 Conciliis

262 1605 410 1635 nondum
437 1606 617 1636 conclusas
643 1606 716 1636 suis
742 1605 915 1637 consciliis
942 1605 1110 1636 iuvandas
1136 1606 1203 1636 sint
1228 1608 1258 1637 et
1285 1614 1360 1638 esse
1397 1606 1543 1637 debeant
1583 1615 1658 1637 cum
1700 1605 1840 1646 prefatis
1876 1605 2086 1637 reverendis-

261 1668 357 1699 simis
384 1668 532 1699 dominis
557 1668 704 1699 dominis
731 1666 972 1700 Cardinalibus
999 1668 1039 1699 de
1066 1668 1226 1699 omnibus
1253 1669 1282 1699 in
1310 1677 1452 1700 comune
1470 1668 1654 1699 consulturi
1674 1670 1705 1699 et
1722 1670 1830 1699 cetera
1849 1667 1966 1699 facturi
1987 1670 2085 1708 prout

262 1729 390 1770 prefate
418 1730 523 1762 littere
550 1731 720 1768 mandant,
747 1733 777 1762 et
805 1731 892 1768 inde,
919 1733 979 1762 etc.
1008 1730 1239 1769 Presentibus,
1265 1733 1326 1763 etc.
1353 1731 1508 1763 testibus.

993 1932 1371 1973 DCCXXVIII.

347 2041 375 2068 Il
400 2041 494 2068 Duza
520 2041 617 2069 Cat-lo
643 2040 675 2069 dI
700 2041 857 2070 Bor-bone
883 2041 969 2069 dona
992 2041 1182 2078 paramenti
1206 2041 1352 2078 preziosi
1377 2050 1396 2070 a
1420 2042 1453 2070 S.
1479 2041 1592 2071 Pietro
1619 2041 1652 2070 in
1677 2041 1748 2070 Ciel
1773 2040 1803 2069 d'
1829 2050 1899 2075 oro,
1929 2049 1946 2069 e
1971 2040 2016 2077 gli
2042 2041 2085 2068 E-

262 2093 419 2122 remitani
445 2094 475 2122 10
501 2093 721 2130 ringraziamo.

940 2199 1075 2231 1611,
1105 2200 1348 2232 ottol)re,
1378 2199 1430 2224 9.

750 2288 827 2309 (Arch.
845 2287 866 2307 di
883 2287 950 2308 Stato
966 2287 987 2308 di
1004 2287 1092 2308 Milano
1108 2298 1132 2301 —-
1150 2287 1214 2313 Ρειᾞ4
1232 2288 1253 2308 di
1270 2287 1292 2308 S.
1311 2288 1388 2309 pietro
1404 2288 1425 2308 in
1441 2288 1489 2309 Ciel
1505 2288 1578 2308 d'oro
1596 2305 1599 2308 ,

371 2457 417 2572 I
515 2490 537 2515 Ν
563 2485 706 2516 Nomine
734 2484 868 2516 Domini
897 2485 1012 2516 Amen.
1039 2484 1136 2516 Anno
1162 2495 1180 2517 a
1207 2486 1390 2517 Nativitate
1415 2485 1567 2517 eiusdem
1599 2485 1777 2516 millesimo
1814 2485 2087 2526 quingentesimo

538 2548 726 2585 undecimo,
754 2548 934 2579 indictione
961 2550 1078 2587 quarta
1105 2549 1246 2586 decima,
1273 2549 1325 2580 die
1352 2557 1441 2579 nono
1468 2548 1594 2579 mensis
1619 2547 1778 2585 octobris,
1805 2548 1885 2578 liora
1922 2556 2030 2580 mane.
2056 2549 2086 2579 in

536 2610 671 2640 civitate
699 2608 814 2650 papie
840 2610 996 2641 videlicet
1023 2610 1053 2641 in
1080 2611 1183 2641 choro
1209 2611 1350 2642 ecclesie
1381 2611 1486 2642 sancti
1506 2610 1686 2651 Augustini
1718 2609 1833 2650 Papie‚
1853 2609 1950 2641 Porte
1980 2611 2086 2642 sancti

274 2670 348 2707 Viti,
376 2670 539 2702 Parochie
566 2672 673 2702 sancti
701 2671 875 2703 Andreae:
903 2672 934 2702 in
962 2673 1131 2712 presentia
1158 2673 1219 2704 mei
1248 2674 1366 2704 notarii
1393 2675 1424 2704 et
1450 2673 1584 2704 testium
1627 2672 1926 2713 infrascriptorum‚
1964 2682 2090 2704 convo-

275 2736 360 2770 cato
386 2733 525 2764 collecto
552 2736 582 2764 ct
608 2736 811 2773 congiegato
838 2735 1019 2765 venerabili
1047 2735 1196 2774 capitulo
1222 2735 1420 2766 Monasterii
1449 2743 1507 2766 seu
1535 2733 1679 2765 Abbatie
1713 2735 1816 2765 sancti
1849 2733 1935 2766 Petri
1956 2735 1986 2766 in
2017 2735 2088 2766 celo

271 2804 372 2826 aureo
399 2795 535 2835 Papiae,
561 2799 644 2827 είς...
665 2805 723 2827 nec
743 2806 806 2827 non
827 2800 857 2827 et
876 2799 1064 2828 convocato
1093 2797 1234 2828 collecto
1252 2799 1283 2828 et
1301 2799 1506 2837 congregato
1526 2785 1708 2827 venerabili
1728 2797 1876 2837 capitulo
1895 2798 2087 2829 monasterii

275 2858 381 2889 sancti
409 2857 587 2898 Augustini
627 2857 729 2898 Papie
767 2858 906 2890 Ordinis
933 2859 1173 2890 Heremitarum
1212 2859 1318 2890 sancti
1346 2858 1537 2899 Augustini,
1564 2859 1605 2890 de
1630 2859 1788 2890 mandato
1815 2862 1845 2890 et
1873 2860 2088 2900 impositione

274 2920 445 2951 reverendi
472 2929 565 2952 sacre
592 2921 758 2961 theologie
786 2919 994 2952 professoris
1021 2921 1145 2952 domini
1185 2921 1333 2961 magistri
1374 2919 1600 2952 Francischini
1627 2920 1668 2952 de
1695 2920 1823 2962 Boydis
1851 2921 1893 2953 de
1912 2919 2090 2953 Castelazo

278 2983 390 3013 vicarii
418 2982 595 3022 generalis,
622 2991 707 3013 sono
746 2983 954 3022 campanelle
992 2983 1158 3023 premisso
1185 2984 1218 3013 ut
1245 2991 1346 3014 moris
1371 2985 1432 3020 est,
1452 2983 1482 3013 in
1502 2992 1569 3022 quo
1596 2983 1731 3023 quidem
1759 2982 1918 3024 Capitulo
1955 2983 2088 3015 fuerunt

275 3047 306 3076 et
331 3047 407 3076 sunt
435 3044 636 3084 infrascripti
675 3044 848 3075 reverendi
887 3053 980 3075 sacre
1018 3044 1186 3085 theologie
1221 3043 1432 3084 professores
1466 3045 1591 3076 domini
1630 3046 1787 3085 magister
1824 3044 2010 3086 Gregorius
2046 3046 2088 3077 de
