2305 3407
298 151 363 182 224

294 285 402 321 ciatis,
429 285 603 325 offeroque
631 288 782 325 paratum
812 286 1004 325 promittere
1030 287 1060 316 et
1088 285 1194 315 iurare
1220 284 1367 325 regulam
1395 284 1463 315 divi
1492 284 1670 325 Augustini
1697 293 1833 316 servare
1858 287 1889 315 et
1915 284 1979 316 alia
2005 284 2112 316 facere

294 356 359 386 que
385 347 600 387 requiruntur
626 347 656 378 in
684 347 853 378 similibus
879 349 910 378 et
936 350 1033 387 prout
1060 346 1252 386 disponitur
1277 356 1318 377 ex
1346 346 1452 377 fornia
1479 347 1627 387 predicte
1654 346 1778 387 Regule
1804 350 1834 378 et
1859 347 2014 378 ordinum
2041 356 2114 387 pre-

292 407 358 439 fate
386 407 572 449 Religionis
599 409 782 448 superinde
810 409 1031 448 loquentium.

381 468 516 507 Quibus
542 471 589 502 sie
616 471 762 507 attentis,
790 470 941 510 prefatus
967 479 1034 501 rev.
1062 469 1101 501 D.
1129 469 1233 507 l'rior,
1270 479 1345 502 cum
1374 471 1542 511 presentia
1568 473 1599 502 et
1625 480 1794 502 consensu
1823 471 2026 511 prefatorum
2052 472 2113 503 do-

293 532 456 563 minorum
483 531 631 570 fratrum,
659 536 691 563 ut
718 541 819 572 supra
847 532 1106 569 nominatorum,
1133 532 1177 563 ibi
1205 533 1409 572 presentium
1436 535 1467 563 et
1492 533 1786 571 consentientium,
1824 534 1954 564 nemine
1991 534 2115 565 discre-

291 597 400 634 pante,
428 595 606 634 premissis
632 594 757 625 debitis
783 594 1066 632 solemnitatibus,
1095 595 1124 625 in
1152 595 1277 625 talibus
1303 595 1487 634 requisitis,
1513 598 1544 626 et
1571 596 1664 635 prius
1691 604 1748 635 per
1775 596 1885 635 ipsum
1913 594 1951 626 D.
1978 595 2110 627 fratrem

292 655 521 687 llieronimum
550 657 730 696 promisso,
757 659 787 687 et
812 657 868 696 qui
897 657 1071 696 promissit
1097 660 1127 688 et
1155 657 1317 697 promittit
1344 657 1494 697 predicto
1521 656 1560 688 D.
1587 656 1693 688 Priori
1720 660 1750 688 et
1778 666 1897 688 versus
1934 667 2009 689 eum
2037 667 2111 698 pre-

289 723 416 749 sentem
444 722 473 749 et
501 718 719 758 stipulantem
748 719 881 749 nomine
907 721 938 749 et
965 719 1038 750 vice
1077 718 1204 751 Remini
1244 718 1353 750 l‘atris
1379 718 1419 750 D.
1446 719 1557 751 fratris
1584 719 1767 751 Hieronimi
1803 720 2017 760 Neapolitani
2044 718 2110 752 Ge-

288 781 411 812 neralis
437 781 546 811 tocius
573 780 760 821 Religionis
788 780 1000 812 Heremitane
1026 781 1096 812 divi
1125 781 1317 822 Augustini,
1343 791 1381 813 ae
1408 782 1507 813 etiam
1535 790 1597 813 suo
1623 785 1653 813 et
1680 783 1814 813 nomine
1833 791 1870 813 ac
1890 783 1963 814 vice
1983 782 2110 822 prefate

288 842 473 883 Religionis
500 845 530 873 et
557 846 746 874 conventus
772 843 938 881 eiusdem,
965 852 1099 874 servare
1126 844 1366 881 obedientiam,
1393 844 1582 875 castitatem
1609 847 1639 875 et
1666 847 1898 885 paupertatem
1925 848 1956 875 et
1982 845 2047 876 alia
2066 844 2114 876 fa-

286 913 359 935 cere
387 909 483 944 prout
511 905 691 944 requiritur
716 914 758 936 ex
786 904 891 936 forma
911 905 1025 945 regule
1041 905 1190 945 predicte
1209 905 1395 947 Religionis
1414 910 1443 937 et
1462 906 1617 937 ordinum
1637 907 1820 946 superinde
1846 906 2110 946 disponentium,

287 966 327 997 d:
354 966 479 1006 quibus
505 970 536 997 et
561 967 729 998 contentis
756 968 787 998 in
814 968 862 998 eis
889 968 980 1004 dicit,
1007 968 1184 999 confitetur
1209 971 1239 999 et
1267 970 1471 1008 protestatur
1497 969 1659 1000 habuisse
1685 971 1716 1000 et
1744 969 1866 999 habere
1893 968 2025 1008 plenam
2053 978 2106 1000 no-

287 1028 392 1059 titiam
418 1030 449 1059 et
475 1029 663 1066 scientiam,
689 1031 720 1060 et
747 1030 806 1060 hee
832 1030 944 1060 omnia
971 1030 1071 1061 etiam
1097 1038 1171 1060 eum
1200 1030 1386 1061 iuramento
1413 1039 1471 1071 per
1496 1039 1571 1062 eum
1611 1040 1701 1062 more
1739 1030 1941 1062 sacerdotali
1970 1031 2111 1071 prestito

287 1091 446 1130 ponendo
474 1100 607 1122 manum
635 1100 730 1122 suam
758 1100 860 1132 super
898 1094 1016 1132 pectus
1054 1101 1163 1130 suum,
1190 1094 1274 1130 etc.;
1312 1101 1354 1124 ex
1392 1093 1589 1124 auctoritate
1627 1095 1658 1124 et
1696 1094 1863 1133 potestate
1897 1092 1961 1124 sibi
1989 1093 2020 1123 in
2049 1093 2109 1124 hac

287 1156 379 1193 parte
406 1153 562 1185 atributis
588 1163 629 1185 ex
658 1153 763 1185 forma
802 1154 1028 1194 predictorum
1066 1155 1222 1185 ordinum
1250 1158 1281 1186 et
1307 1155 1432 1195 regule,
1458 1157 1489 1186 et
1514 1156 1599 1186 alias
1636 1155 1725 1186 omni
1754 1155 1881 1186 meliori
1909 1155 2022 1193 modo,
2047 1158 2108 1187 etc.

287 1216 398 1256 ipsum
425 1214 464 1246 D.
491 1215 626 1247 fratrem
654 1216 883 1247 Hieronimum
923 1217 1040 1248 iterum
1079 1217 1217 1248 vestivit
1242 1220 1273 1248 et
1300 1218 1399 1249 vestit
1425 1219 1519 1249 veste
1557 1218 1650 1258 nigra
1676 1226 1735 1249 seu
1763 1217 1878 1249 habitu
1913 1218 2008 1258 nigro
2040 1218 2109 1249 divi

286 1277 478 1318 Augustini,
504 1286 649 1318 eumque
675 1279 781 1310 cinxit
806 1280 837 1310 et
863 1279 967 1320 cingit
993 1280 1137 1320 corrigia
1164 1288 1264 1320 corey
1280 1280 1375 1320 nigri,
1401 1279 1557 1311 faciendo
1583 1288 1621 1311 ac
1646 1279 1725 1311 fecit
1750 1281 1781 1311 et
1806 1279 1887 1311 facit
1901 1279 2106 1320 professum,

286 1339 440 1371 dicentes
466 1348 554 1371 unus
580 1349 701 1372 versus
726 1341 867 1372 alterum
894 1343 926 1372 et
950 1350 967 1372 e
993 1343 1108 1372 contra
1146 1341 1249 1373 verba
1285 1343 1364 1382 apta
1391 1343 1421 1373 et
1446 1342 1611 1373 solemnia
1637 1342 1680 1373 ad
1706 1350 1819 1373 veram
1857 1341 2106 1382 professionem

285 1401 490 1440 faciendum,
516 1404 614 1442 prout
640 1403 819 1443 requiritur
843 1412 885 1434 ex
912 1403 1019 1434 forma
1045 1403 1159 1444 regule
1186 1404 1334 1444 predicte
1372 1403 1558 1445 Religionis
1591 1406 1623 1435 et
1658 1404 1813 1435 ordinum
1853 1404 2034 1445 superinde
2060 1404 2109 1435 di-

285 1464 514 1504 sponentium.
542 1463 796 1503 Renuntiantes,
822 1468 883 1497 etc.
910 1464 1141 1504 Presentibus,
1167 1468 1228 1498 etc.
1254 1466 1409 1498 testibus.

1049 1675 1354 1716 CMXVIII.

375 1783 404 1811 11
430 1783 592 1820 Capitolo
619 1783 653 1812 di
679 1784 712 1814 S.
740 1783 910 1812 Mostiola
936 1784 1057 1820 elegge
1083 1784 1108 1812 il
1134 1785 1382 1813 Procuratore.

897 1888 1056 1919 1548,
1086 1890 1434 1920 settenabre‚
1463 1891 1500 1914 1.

829 1976 907 1999 (Aren.
924 1976 1005 1997 Notar.
1022 1976 1044 1996 di
1061 1976 1131 1997 Pavia
1147 1988 1172 1990 —
1191 1976 1239 1997 Atti
1255 1977 1277 1997 di
1294 1980 1418 1997 Tommaso
1434 1976 1574 2001 Quaresmi).

360 2160 475 2276 A
536 2177 694 2205 DUNATO
719 2173 744 2205 il
766 2174 911 2214 capitolo
937 2174 972 2206 di
995 2173 1028 2207 S.
1054 2174 1222 2211 Mostiola,
1261 2175 1302 2207 de
1340 2175 1546 2206 mandato...
1576 2175 1750 2206 reverendi
1779 2175 1928 2216 magistri
1955 2173 2109 2216 Gregorii

557 2237 597 2268 de
623 2234 850 2277 Carmagnola
887 2245 982 2268 sacre
1020 2237 1189 2278 theologie
1225 2238 1375 2278 magistri
1393 2236 1445 2278 (1)
1470 2246 1508 2269 ae
1535 2238 1651 2269 vicarii
1679 2237 1898 2278 provincialis
1924 2237 2004 2268 dicti
2030 2246 2111 2269 con-

557 2302 679 2330 ventus
704 2308 764 2331 seu
792 2300 998 2337 monasterii,
1013 2299 1066 2331 nel
1079 2300 1177 2340 quale
1191 2300 1335 2340 capitolo
1350 2301 1534 2332 trovaronst
1546 2309 1607 2332 con
1621 2300 1669 2332 luz
1680 2301 1825 2341 presenti
1849 2299 1949 2331 frater
1975 2299 2112 2333 Rochus

289 2361 330 2392 de
357 2359 571 2401 Camayrana
597 2360 692 2392 Prior
718 2362 798 2392 dieti
825 2364 1026 2400 conventus,
1063 2361 1163 2393 frater
1201 2361 1320 2393 Petrus
1358 2362 1399 2394 de
1437 2361 1587 2395 Canellis
1613 2365 1644 2394 et
1669 2362 1769 2394 frater
1796 2362 1942 2393 Micliael
1969 2362 2010 2393 de
2035 2361 2113 2394 Ale-

290 2423 444 2461 xandria
470 2423 668 2460 facientes.
695 2424 792 2464 quasi
820 2426 925 2455 totum
953 2424 1064 2464 ipsum
1091 2424 1288 2464 capitulum,
1313 2425 1511 2466 eligerunt...
1538 2425 1765 2456 venerabilem
1785 2424 1958 2455 dominum
1977 2423 2110 2456 fratrem

290 2484 496 2517 Gulielmum
522 2486 563 2517 de
590 2485 753 2517 Vercellis
779 2495 894 2517 eorum
921 2487 1102 2524 sindicum,
1129 2487 1300 2525 nuncium,
1326 2489 1474 2519 actorem
1501 2490 1533 2518 et
1559 2489 1809 2528 procuratorem
1828 2484 1889 2525 (2).

364 2643 382 2663 1»
399 2642 432 2662 Da
449 2648 478 2662 un
494 2644 545 2662 atto
561 2642 597 2663 dcl
613 2643 639 2663 25
654 2643 740 2667 gingno
766 2644 825 2667 1548,
849 2645 931 2667 rogato
947 2643 975 2663 da
992 2643 1050 2664 Oian
1071 2643 1173 2664 Antonio
1295 2644 1315 2667 2)
1331 2644 1356 2665 Αἰ
1372 2644 1398 2664 22
1413 2644 1508 2665 ottobre
1523 2644 1538 2664 il
1553 2643 1657 2669 capitolo
1673 2643 1694 2664 di
1717 2642 1739 2664 S.
1757 2643 1878 2669 Mostiolsi,
1900 2646 2024 2669 composto
2046 2643 2106 2669 degli

296 2685 371 2711 chna
387 2687 405 2707 si
422 2687 492 2707 rilcva
509 2687 550 2707 elie
567 2687 580 2707 il
597 2687 702 2708 Maestro
718 2687 776 2708 frate
792 2687 904 2713 Gregorio
920 2687 948 2708 da
972 2687 1125 2713 Carmagnola
1142 2687 1173 2708 ta·
1229 2689 1299 2709 stessi
1317 2688 1425 2714 Religiosi
1442 2694 1454 2709 e
1469 2688 1490 2708 di
1515 2687 1586 2709 trater
1609 2687 1739 2709 Gulielinus
1760 2687 1789 2708 de
1812 2687 1936 2709 Pallazolis
1950 2688 2063 2714 sindicus,
2078 2687 2107 2709 da

296 2736 352 2751 ceva
368 2733 434 2756 parte
450 2731 486 2751 del
502 2731 607 2757 Colit-gio
631 2731 817 2752 Reverendoruni
844 2732 972 2753 Doctorum
993 2732 1014 2752 in
1030 2738 1096 2753 sacra
1112 2733 1176 2753 tlieo-
1231 2733 1369 2754 investitura
1385 2733 1513 2753 novennale
1528 2732 1604 2753 d'una
1621 2732 1688 2758 vigna
1705 2732 1726 2752 di
1742 2732 1768 2753 36
1783 2732 1886 2758 perticlie
1901 2732 1922 2753 in
1933 2732 2083 2757 Corte-olona,
2094 2737 2107 2753 a

296 2775 358 2801 logia
373 2778 396 2796 et
412 2775 433 2796 in
449 2776 498 2796 iure
514 2776 627 2797 canonico
650 2777 787 2802 peritorum,
811 2776 881 2803 l’apie
899 2777 1103 2802 commorantium,
1118 2777 1175 2798 adu-
1231 2776 1332 2798 Battista
1348 2776 1455 2797 Trabatti
1471 2782 1512 2802 per
1527 2776 1604 2797 sacelli
1620 2776 1631 2796 4
1647 2776 1669 2796 di
1685 2775 1802 2797 fruniento
1818 2776 1846 2797 ed
1860 2776 1873 2797 8
1888 2777 1969 2797 brente
1980 2776 2001 2797 di
2013 2777 2067 2797 vino
2076 2776 2108 2797 al-

297 2820 374 2840 natosi
390 2820 426 2840 nel
442 2820 540 2846 palazzo
565 2821 683 2841 vescovile
705 2826 747 2846 per
768 2820 886 2842 discutere
901 2821 1099 2842 sull'ortodossia
1115 2821 1174 2843 della
1231 2821 1323 2842 l'auno.
1341 2821 1424 2842 L'atto
1439 2821 1451 2841 e
1467 2822 1551 2845 rogato
1567 2820 1595 2841 da
1610 2819 1686 2842 Sirino
1702 2820 1787 2842 Astari.

297 2864 461 2890 predicazione
477 2864 498 2885 di
515 2864 574 2886 frate
591 2865 647 2890 Elia,
663 2865 816 2886 carmelitano
831 2865 945 2887 trancese.
