<?xml version="1.0" encoding="UTF-8"?>
<!DOCTYPE html PUBLIC "-//W3C//DTD XHTML 1.0 Transitional//EN"
    "http://www.w3.org/TR/xhtml1/DTD/xhtml1-transitional.dtd">
<html xmlns="http://www.w3.org/1999/xhtml" xml:lang="en" lang="en">
 <head>
  <title>
</title>
<meta http-equiv="Content-Type" content="text/html;charset=utf-8" />
  <meta name='ocr-system' content='tesseract 3.04.00' />
  <meta name='ocr-capabilities' content='ocr_page ocr_carea ocr_par ocr_line ocrx_word'/>
</head>
<body>
  <div class='ocr_page' id='page_1' title='image "./codexdiplomaticu03maiouoft_0299.png"; bbox 0 0 2305 3407; ppageno 0'>
   <div class='ocr_carea' id='block_1_1' title="bbox 1959 144 2023 174">
    <p class='ocr_par' dir='ltr' id='par_1_1' title="bbox 1959 144 2023 174">
     <span class='ocr_line' id='line_1_1' title="bbox 1959 144 2023 174; baseline 0 0"><span class='ocrx_word' id='word_1_1' title='bbox 1959 144 2023 174; x_wconf 88' lang='lat'><strong>227</strong></span> 
     </span>
    </p>
   </div>
   <div class='ocr_carea' id='block_1_2' title="bbox 955 327 1259 367">
    <p class='ocr_par' dir='ltr' id='par_1_2' title="bbox 955 327 1259 367">
     <span class='ocr_line' id='line_1_2' title="bbox 955 327 1259 367; baseline -0.007 0"><span class='ocrx_word' id='word_1_2' title='bbox 955 327 1259 367; x_wconf 86' lang='lat' dir='ltr'>CMXXIII.</span> 
     </span>
    </p>
   </div>
   <div class='ocr_carea' id='block_1_3' title="bbox 211 445 2024 535">
    <p class='ocr_par' dir='ltr' id='par_1_3' title="bbox 211 445 2024 535">
     <span class='ocr_line' id='line_1_3' title="bbox 297 445 2024 482; baseline -0.001 -8"><span class='ocrx_word' id='word_1_3' title='bbox 297 446 324 473; x_wconf 93' lang='lat'><strong>11</strong></span> <span class='ocrx_word' id='word_1_4' title='bbox 351 445 512 482; x_wconf 78' lang='lat' dir='ltr'><strong>Capitolo</strong></span> <span class='ocrx_word' id='word_1_5' title='bbox 539 445 574 474; x_wconf 90' lang='lat' dir='ltr'><strong>di</strong></span> <span class='ocrx_word' id='word_1_6' title='bbox 600 446 633 474; x_wconf 90' lang='lat' dir='ltr'><strong>S.</strong></span> <span class='ocrx_word' id='word_1_7' title='bbox 660 445 834 481; x_wconf 77' lang='lat' dir='ltr'><strong>Agostino</strong></span> <span class='ocrx_word' id='word_1_8' title='bbox 871 445 988 473; x_wconf 88' lang='lat' dir='ltr'><strong>riceve</strong></span> <span class='ocrx_word' id='word_1_9' title='bbox 1015 445 1038 472; x_wconf 91' lang='lat' dir='ltr'><strong>il</strong></span> <span class='ocrx_word' id='word_1_10' title='bbox 1064 449 1275 481; x_wconf 80' lang='lat' dir='ltr'><strong>pagamento</strong></span> <span class='ocrx_word' id='word_1_11' title='bbox 1302 445 1335 472; x_wconf 86' lang='lat' dir='ltr'><strong>di</strong></span> <span class='ocrx_word' id='word_1_12' title='bbox 1362 454 1405 472; x_wconf 83' lang='lat' dir='ltr'><strong>un</strong></span> <span class='ocrx_word' id='word_1_13' title='bbox 1432 445 1557 477; x_wconf 82' lang='lat' dir='ltr'><strong>affitto,</strong></span> <span class='ocrx_word' id='word_1_14' title='bbox 1585 453 1602 472; x_wconf 87' lang='lat' dir='ltr'><strong>e</strong></span> <span class='ocrx_word' id='word_1_15' title='bbox 1627 453 1778 480; x_wconf 75' lang='lat' dir='ltr'>proroga</span> <span class='ocrx_word' id='word_1_16' title='bbox 1817 445 1839 471; x_wconf 92' lang='lat' dir='ltr'><strong>il</strong></span> <span class='ocrx_word' id='word_1_17' title='bbox 1877 445 2024 473; x_wconf 85' lang='lat' dir='ltr'>termine</span> 
     </span>
     <span class='ocr_line' id='line_1_4' title="bbox 211 499 678 535; baseline 0 -9"><span class='ocrx_word' id='word_1_18' title='bbox 211 499 246 527; x_wconf 93' lang='lat' dir='ltr'><strong>di</strong></span> <span class='ocrx_word' id='word_1_19' title='bbox 271 508 316 527; x_wconf 87' lang='lat' dir='ltr'><strong>un</strong></span> <span class='ocrx_word' id='word_1_20' title='bbox 339 499 430 527; x_wconf 80' lang='lat' dir='ltr'><strong>altro</strong></span> <span class='ocrx_word' id='word_1_21' title='bbox 456 503 678 535; x_wconf 82' lang='lat' dir='ltr'><strong>pagamento.</strong></span> 
     </span>
    </p>
   </div>
   <div class='ocr_carea' id='block_1_4' title="bbox 839 592 1407 624">
    <p class='ocr_par' dir='ltr' id='par_1_4' title="bbox 839 592 1407 624">
     <span class='ocr_line' id='line_1_5' title="bbox 839 592 1407 624; baseline -0.002 -7"><span class='ocrx_word' id='word_1_22' title='bbox 839 593 1000 623; x_wconf 71' lang='lat'>1549,</span> <span class='ocrx_word' id='word_1_23' title='bbox 1034 593 1297 624; x_wconf 62' lang='lat' dir='ltr'><strong>nmng-gio,</strong></span> <span class='ocrx_word' id='word_1_24' title='bbox 1331 592 1407 617; x_wconf 85' lang='lat'><strong>10.</strong></span> 
     </span>
    </p>
   </div>
   <div class='ocr_carea' id='block_1_5' title="bbox 767 680 1486 702">
    <p class='ocr_par' dir='ltr' id='par_1_5' title="bbox 767 680 1486 702">
     <span class='ocr_line' id='line_1_6' title="bbox 767 680 1486 702; baseline -0.001 0"><span class='ocrx_word' id='word_1_25' title='bbox 767 681 835 702; x_wconf 76' lang='lat' dir='ltr'><strong>Arcu.</strong></span> <span class='ocrx_word' id='word_1_26' title='bbox 853 681 933 701; x_wconf 76' lang='lat' dir='ltr'><strong>Nutar.</strong></span> <span class='ocrx_word' id='word_1_27' title='bbox 951 681 973 701; x_wconf 83' lang='lat' dir='ltr'><strong>di</strong></span> <span class='ocrx_word' id='word_1_28' title='bbox 991 680 1069 701; x_wconf 76' lang='lat' dir='ltr'><strong>Paviav</strong></span> <span class='ocrx_word' id='word_1_29' title='bbox 1087 691 1110 694; x_wconf 97' lang='lat'><strong>—</strong></span> <span class='ocrx_word' id='word_1_30' title='bbox 1127 681 1174 701; x_wconf 81' lang='lat' dir='ltr'><strong>Atti</strong></span> <span class='ocrx_word' id='word_1_31' title='bbox 1191 681 1212 700; x_wconf 86' lang='lat' dir='ltr'><strong>di</strong></span> <span class='ocrx_word' id='word_1_32' title='bbox 1230 681 1338 701; x_wconf 75' lang='lat' dir='ltr'><strong>Zaccaria</strong></span> <span class='ocrx_word' id='word_1_33' title='bbox 1356 680 1486 702; x_wconf 51' lang='lat' dir='ltr'><strong>Canevarii.</strong></span> 
     </span>
    </p>
   </div>
   <div class='ocr_carea' id='block_1_6' title="bbox 227 828 2027 979">
    <p class='ocr_par' dir='ltr' id='par_1_6' title="bbox 227 828 2027 979">
     <span class='ocr_line' id='line_1_7' title="bbox 227 828 228 858; baseline 0 0"><span class='ocrx_word' id='word_1_34' title='bbox 227 828 228 858; x_wconf 81' lang='lat' dir='ltr'><strong>l</strong></span> 
     </span>
     <span class='ocr_line' id='line_1_8' title="bbox 227 862 2027 979; baseline 0 -71"><span class='ocrx_word' id='word_1_35' title='bbox 227 862 228 902; x_wconf 64' lang='lat' dir='ltr'><strong>l</strong></span> <span class='ocrx_word' id='word_1_36' title='bbox 293 864 391 979; x_wconf 83' lang='lat' dir='ltr'>R</span> <span class='ocrx_word' id='word_1_37' title='bbox 456 881 640 909; x_wconf 80' lang='lat' dir='ltr'>ADUNATO</span> <span class='ocrx_word' id='word_1_38' title='bbox 666 877 689 908; x_wconf 87' lang='lat' dir='ltr'><strong>il</strong></span> <span class='ocrx_word' id='word_1_39' title='bbox 713 877 856 918; x_wconf 77' lang='lat' dir='ltr'><strong>capitolo</strong></span> <span class='ocrx_word' id='word_1_40' title='bbox 882 877 916 908; x_wconf 74' lang='grc' dir='ltr'><strong>(ΙΙ</strong></span> <span class='ocrx_word' id='word_1_41' title='bbox 941 876 973 909; x_wconf 88' lang='lat' dir='ltr'><strong>S.</strong></span> <span class='ocrx_word' id='word_1_42' title='bbox 999 877 1161 917; x_wconf 76' lang='lat' dir='ltr'><strong>Agostino</strong></span> <span class='ocrx_word' id='word_1_43' title='bbox 1187 877 1228 908; x_wconf 85' lang='lat' dir='ltr'><strong>de</strong></span> <span class='ocrx_word' id='word_1_44' title='bbox 1257 877 1415 908; x_wconf 77' lang='lat' dir='ltr'><strong>mandato</strong></span> <span class='ocrx_word' id='word_1_45' title='bbox 1442 878 1568 908; x_wconf 84' lang='lat' dir='ltr'><strong>domiui</strong></span> <span class='ocrx_word' id='word_1_46' title='bbox 1589 877 1701 908; x_wconf 80' lang='lat' dir='ltr'><strong>fratris</strong></span> <span class='ocrx_word' id='word_1_47' title='bbox 1727 876 1854 917; x_wconf 80' lang='lat' dir='ltr'><strong>Orpliei</strong></span> <span class='ocrx_word' id='word_1_48' title='bbox 1882 877 1922 908; x_wconf 79' lang='lat' dir='ltr'><strong>de</strong></span> <span class='ocrx_word' id='word_1_49' title='bbox 1949 877 2027 908; x_wconf 80' lang='lat' dir='ltr'><strong>Ver-</strong></span> 
     </span>
    </p>
   </div>
   <div class='ocr_carea' id='block_1_7' title="bbox 209 939 2031 1666">
    <p class='ocr_par' dir='ltr' id='par_1_7' title="bbox 478 939 2028 980">
     <span class='ocr_line' id='line_1_9' title="bbox 478 939 2028 980; baseline -0.001 -9"><span class='ocrx_word' id='word_1_50' title='bbox 478 940 573 971; x_wconf 85' lang='lat' dir='ltr'>cellis</span> <span class='ocrx_word' id='word_1_51' title='bbox 599 940 748 971; x_wconf 83' lang='lat' dir='ltr'><strong>vicarii...</strong></span> <span class='ocrx_word' id='word_1_52' title='bbox 777 941 806 970; x_wconf 91' lang='lat' dir='ltr'><strong>in</strong></span> <span class='ocrx_word' id='word_1_53' title='bbox 833 949 901 980; x_wconf 79' lang='lat' dir='ltr'><strong>quo</strong></span> <span class='ocrx_word' id='word_1_54' title='bbox 938 940 1074 980; x_wconf 81' lang='lat' dir='ltr'><strong>quidem</strong></span> <span class='ocrx_word' id='word_1_55' title='bbox 1112 940 1261 980; x_wconf 80' lang='lat' dir='ltr'><strong>capitulo</strong></span> <span class='ocrx_word' id='word_1_56' title='bbox 1300 939 1550 970; x_wconf 78' lang='lat' dir='ltr'><strong>interfuerunt...</strong></span> <span class='ocrx_word' id='word_1_57' title='bbox 1586 948 1660 970; x_wconf 77' lang='lat' dir='ltr'><strong>cuni</strong></span> <span class='ocrx_word' id='word_1_58' title='bbox 1688 950 1760 970; x_wconf 75' lang='lat' dir='ltr'><strong>cn...</strong></span> <span class='ocrx_word' id='word_1_59' title='bbox 1787 939 1886 970; x_wconf 83' lang='lat' dir='ltr'><strong>frater</strong></span> <span class='ocrx_word' id='word_1_60' title='bbox 1913 939 2028 970; x_wconf 78' lang='lat' dir='ltr'><strong>Fortu—</strong></span> 
     </span>
    </p>

    <p class='ocr_par' dir='ltr' id='par_1_8' title="bbox 209 1000 2031 1666">
     <span class='ocr_line' id='line_1_10' title="bbox 479 1000 2028 1042; baseline 0 -9"><span class='ocrx_word' id='word_1_61' title='bbox 479 1005 577 1034; x_wconf 80' lang='lat' dir='ltr'><strong>natus</strong></span> <span class='ocrx_word' id='word_1_62' title='bbox 603 1003 643 1034; x_wconf 83' lang='lat' dir='ltr'><strong>de</strong></span> <span class='ocrx_word' id='word_1_63' title='bbox 670 1000 802 1034; x_wconf 86' lang='lat' dir='ltr'><strong>Cerano</strong></span> <span class='ocrx_word' id='word_1_64' title='bbox 841 1002 1069 1040; x_wconf 75' lang='lat' dir='ltr'><strong>baclialarius‚</strong></span> <span class='ocrx_word' id='word_1_65' title='bbox 1106 1001 1206 1033; x_wconf 76' lang='lat' dir='ltr'><strong>frater</strong></span> <span class='ocrx_word' id='word_1_66' title='bbox 1244 1001 1399 1042; x_wconf 72' lang='lat' dir='ltr'>philipus</span> <span class='ocrx_word' id='word_1_67' title='bbox 1431 1002 1472 1032; x_wconf 80' lang='lat' dir='ltr'><strong>de</strong></span> <span class='ocrx_word' id='word_1_68' title='bbox 1498 1001 1569 1039; x_wconf 78' lang='lat' dir='ltr'><strong>Ast,</strong></span> <span class='ocrx_word' id='word_1_69' title='bbox 1597 1001 1696 1033; x_wconf 78' lang='lat' dir='ltr'><strong>frater</strong></span> <span class='ocrx_word' id='word_1_70' title='bbox 1723 1001 1764 1032; x_wconf 80' lang='lat'><strong>10.</strong></span> <span class='ocrx_word' id='word_1_71' title='bbox 1793 1001 1961 1033; x_wconf 76' lang='lat' dir='ltr'><strong>Antonius</strong></span> <span class='ocrx_word' id='word_1_72' title='bbox 1987 1002 2028 1033; x_wconf 81' lang='lat' dir='ltr'><strong>dc</strong></span> 
     </span>
     <span class='ocr_line' id='line_1_11' title="bbox 211 1062 2029 1105; baseline -0.001 -9"><span class='ocrx_word' id='word_1_73' title='bbox 211 1062 385 1104; x_wconf 77' lang='lat' dir='ltr'><strong>GmpeHo,</strong></span> <span class='ocrx_word' id='word_1_74' title='bbox 411 1064 511 1096; x_wconf 84' lang='lat' dir='ltr'><strong>frater</strong></span> <span class='ocrx_word' id='word_1_75' title='bbox 536 1065 699 1096; x_wconf 84' lang='lat' dir='ltr'><strong>Nicolaus</strong></span> <span class='ocrx_word' id='word_1_76' title='bbox 725 1065 765 1096; x_wconf 86' lang='lat' dir='ltr'><strong>de</strong></span> <span class='ocrx_word' id='word_1_77' title='bbox 792 1065 904 1102; x_wconf 81' lang='lat' dir='ltr'><strong>Lenta,</strong></span> <span class='ocrx_word' id='word_1_78' title='bbox 943 1064 1041 1095; x_wconf 83' lang='lat' dir='ltr'><strong>frater</strong></span> <span class='ocrx_word' id='word_1_79' title='bbox 1079 1064 1290 1105; x_wconf 82' lang='lat' dir='ltr'><strong>Augustinus</strong></span> <span class='ocrx_word' id='word_1_80' title='bbox 1316 1064 1356 1095; x_wconf 84' lang='lat' dir='ltr'><strong>de</strong></span> <span class='ocrx_word' id='word_1_81' title='bbox 1384 1063 1500 1104; x_wconf 80' lang='lat' dir='ltr'><strong>Papia,</strong></span> <span class='ocrx_word' id='word_1_82' title='bbox 1536 1063 1635 1095; x_wconf 76' lang='lat' dir='ltr'><strong>frater</strong></span> <span class='ocrx_word' id='word_1_83' title='bbox 1661 1062 1797 1095; x_wconf 85' lang='lat' dir='ltr'><strong>Gabriel</strong></span> <span class='ocrx_word' id='word_1_84' title='bbox 1824 1064 1864 1095; x_wconf 81' lang='lat' dir='ltr'><strong>de</strong></span> <span class='ocrx_word' id='word_1_85' title='bbox 1891 1062 2029 1096; x_wconf 52' lang='lat' dir='ltr'><strong>Carina»</strong></span> 
     </span>
     <span class='ocr_line' id='line_1_12' title="bbox 210 1125 2028 1167; baseline 0 -10"><span class='ocrx_word' id='word_1_86' title='bbox 210 1127 334 1167; x_wconf 82' lang='lat' dir='ltr'><strong>gnolia‚</strong></span> <span class='ocrx_word' id='word_1_87' title='bbox 361 1127 460 1158; x_wconf 81' lang='lat' dir='ltr'><strong>frater</strong></span> <span class='ocrx_word' id='word_1_88' title='bbox 486 1126 720 1158; x_wconf 77' lang='lat' dir='ltr'><strong>Bertolanieus</strong></span> <span class='ocrx_word' id='word_1_89' title='bbox 747 1127 787 1158; x_wconf 83' lang='lat' dir='ltr'><strong>de</strong></span> <span class='ocrx_word' id='word_1_90' title='bbox 814 1126 1018 1167; x_wconf 80' lang='lat' dir='ltr'><strong>Carmaglio,</strong></span> <span class='ocrx_word' id='word_1_91' title='bbox 1057 1127 1156 1158; x_wconf 76' lang='lat' dir='ltr'><strong>frater</strong></span> <span class='ocrx_word' id='word_1_92' title='bbox 1194 1126 1339 1167; x_wconf 73' lang='lat' dir='ltr'>Spiritus</span> <span class='ocrx_word' id='word_1_93' title='bbox 1365 1126 1405 1157; x_wconf 81' lang='lat' dir='ltr'><strong>de</strong></span> <span class='ocrx_word' id='word_1_94' title='bbox 1440 1126 1633 1163; x_wconf 82' lang='lat' dir='ltr'><strong>Beliuzona,</strong></span> <span class='ocrx_word' id='word_1_95' title='bbox 1671 1126 1770 1157; x_wconf 82' lang='lat' dir='ltr'><strong>frater</strong></span> <span class='ocrx_word' id='word_1_96' title='bbox 1807 1125 1961 1157; x_wconf 75' lang='lat' dir='ltr'>Andreas</span> <span class='ocrx_word' id='word_1_97' title='bbox 1988 1126 2028 1157; x_wconf 73' lang='lat' dir='ltr'><strong>de</strong></span> 
     </span>
     <span class='ocr_line' id='line_1_13' title="bbox 211 1187 2027 1227; baseline -0.001 -7"><span class='ocrx_word' id='word_1_98' title='bbox 211 1187 320 1227; x_wconf 80' lang='lat' dir='ltr'><strong>Senis,</strong></span> <span class='ocrx_word' id='word_1_99' title='bbox 347 1189 447 1221; x_wconf 81' lang='lat' dir='ltr'><strong>irater</strong></span> <span class='ocrx_word' id='word_1_100' title='bbox 472 1189 515 1221; x_wconf 87' lang='lat'><strong>10.</strong></span> <span class='ocrx_word' id='word_1_101' title='bbox 542 1189 711 1220; x_wconf 85' lang='lat' dir='ltr'><strong>Antonius</strong></span> <span class='ocrx_word' id='word_1_102' title='bbox 737 1190 778 1220; x_wconf 86' lang='lat' dir='ltr'><strong>de</strong></span> <span class='ocrx_word' id='word_1_103' title='bbox 804 1188 986 1227; x_wconf 72' lang='lat' dir='ltr'><strong>Sarni-ana,</strong></span> <span class='ocrx_word' id='word_1_104' title='bbox 1012 1189 1112 1220; x_wconf 79' lang='lat' dir='ltr'><strong>frater</strong></span> <span class='ocrx_word' id='word_1_105' title='bbox 1138 1189 1354 1220; x_wconf 80' lang='lat' dir='ltr'><strong>Hierouimus</strong></span> <span class='ocrx_word' id='word_1_106' title='bbox 1381 1189 1421 1219; x_wconf 86' lang='lat' dir='ltr'><strong>de</strong></span> <span class='ocrx_word' id='word_1_107' title='bbox 1448 1188 1629 1219; x_wconf 83' lang='lat' dir='ltr'><strong>Novaria...</strong></span> <span class='ocrx_word' id='word_1_108' title='bbox 1656 1188 1819 1219; x_wconf 74' lang='lat' dir='ltr'>facientes</span> <span class='ocrx_word' id='word_1_109' title='bbox 1838 1187 1904 1220; x_wconf 82' lang='lat' dir='ltr'><strong>fere</strong></span> <span class='ocrx_word' id='word_1_110' title='bbox 1924 1190 2027 1219; x_wconf 85' lang='lat' dir='ltr'><strong>totum</strong></span> 
     </span>
     <span class='ocr_line' id='line_1_14' title="bbox 209 1250 2031 1292; baseline -0.001 -9"><span class='ocrx_word' id='word_1_111' title='bbox 209 1251 393 1292; x_wconf 87' lang='lat' dir='ltr'><strong>capitulum</strong></span> <span class='ocrx_word' id='word_1_112' title='bbox 419 1253 569 1283; x_wconf 80' lang='lat' dir='ltr'><strong>ricevono</strong></span> <span class='ocrx_word' id='word_1_113' title='bbox 595 1252 638 1283; x_wconf 75' lang='lat' dir='ltr'><strong>cla</strong></span> <span class='ocrx_word' id='word_1_114' title='bbox 663 1251 777 1283; x_wconf 83' lang='lat' dir='ltr'><em>Marco</em></span> <span class='ocrx_word' id='word_1_115' title='bbox 792 1251 934 1283; x_wconf 78' lang='lat' dir='ltr'><strong>Antonio</strong></span> <span class='ocrx_word' id='word_1_116' title='bbox 953 1251 1128 1288; x_wconf 74' lang='lat' dir='ltr'><strong>Mar‘clzesi,</strong></span> <span class='ocrx_word' id='word_1_117' title='bbox 1143 1253 1354 1291; x_wconf 75' lang='lat' dir='ltr'><em>procuratore</em></span> <span class='ocrx_word' id='word_1_118' title='bbox 1372 1250 1459 1282; x_wconf 79' lang='lat' dir='ltr'><strong>della</strong></span> <span class='ocrx_word' id='word_1_119' title='bbox 1476 1250 1585 1282; x_wconf 82' lang='lat' dir='ltr'><em>nobile</em></span> <span class='ocrx_word' id='word_1_120' title='bbox 1602 1250 1807 1282; x_wconf 72' lang='lat' dir='ltr'><strong>Bernardina</strong></span> <span class='ocrx_word' id='word_1_121' title='bbox 1831 1251 2031 1282; x_wconf 78' lang='lat' dir='ltr'><strong>Trovamala</strong></span> 
     </span>
     <span class='ocr_line' id='line_1_15' title="bbox 213 1312 2029 1353; baseline 0 -9"><span class='ocrx_word' id='word_1_122' title='bbox 213 1313 339 1345; x_wconf 80' lang='lat' dir='ltr'><strong>vedova</strong></span> <span class='ocrx_word' id='word_1_123' title='bbox 364 1313 398 1345; x_wconf 79' lang='lat' dir='ltr'><strong>cii</strong></span> <span class='ocrx_word' id='word_1_124' title='bbox 424 1313 600 1346; x_wconf 81' lang='lat' dir='ltr'><strong>Gerolarno</strong></span> <span class='ocrx_word' id='word_1_125' title='bbox 637 1314 690 1345; x_wconf 78' lang='lat' dir='ltr'><strong>dei</strong></span> <span class='ocrx_word' id='word_1_126' title='bbox 724 1314 813 1345; x_wconf 82' lang='lat' dir='ltr'><strong>conti</strong></span> <span class='ocrx_word' id='word_1_127' title='bbox 835 1313 1004 1351; x_wconf 80' lang='lat' dir='ltr'><strong>Albonesi,</strong></span> <span class='ocrx_word' id='word_1_128' title='bbox 1029 1313 1086 1344; x_wconf 82' lang='lat' dir='ltr'><strong>lire</strong></span> <span class='ocrx_word' id='word_1_129' title='bbox 1110 1314 1154 1345; x_wconf 81' lang='lat'><strong>53</strong></span> <span class='ocrx_word' id='word_1_130' title='bbox 1181 1322 1197 1344; x_wconf 83' lang='lat' dir='ltr'><strong>e</strong></span> <span class='ocrx_word' id='word_1_131' title='bbox 1221 1313 1309 1344; x_wconf 68' lang='lat' dir='ltr'><strong>sold!</strong></span> <span class='ocrx_word' id='word_1_132' title='bbox 1338 1313 1377 1345; x_wconf 91' lang='grc'><strong>10</strong></span> <span class='ocrx_word' id='word_1_133' title='bbox 1395 1321 1456 1353; x_wconf 81' lang='lat' dir='ltr'><strong>per</strong></span> <span class='ocrx_word' id='word_1_134' title='bbox 1477 1312 1585 1353; x_wconf 83' lang='lat' dir='ltr'><strong>affitto</strong></span> <span class='ocrx_word' id='word_1_135' title='bbox 1622 1321 1732 1343; x_wconf 80' lang='grc' dir='ltr'><em>αηηιιο</em></span> <span class='ocrx_word' id='word_1_136' title='bbox 1769 1313 1804 1344; x_wconf 77' lang='lat' dir='ltr'><strong>di</strong></span> <span class='ocrx_word' id='word_1_137' title='bbox 1838 1321 1880 1344; x_wconf 74' lang='lat'><strong>1111</strong></span> <span class='ocrx_word' id='word_1_138' title='bbox 1905 1315 2029 1344; x_wconf 82' lang='lat' dir='ltr'><strong>terreno</strong></span> 
     </span>
     <span class='ocr_line' id='line_1_16' title="bbox 211 1374 2029 1416; baseline -0.001 -9"><span class='ocrx_word' id='word_1_139' title='bbox 211 1376 243 1406; x_wconf 84' lang='grc' dir='ltr'><strong>ίη</strong></span> <span class='ocrx_word' id='word_1_140' title='bbox 268 1375 392 1413; x_wconf 83' lang='lat' dir='ltr'><strong>Domo,</strong></span> <span class='ocrx_word' id='word_1_141' title='bbox 419 1376 474 1407; x_wconf 89' lang='lat' dir='ltr'><strong>ubi</strong></span> <span class='ocrx_word' id='word_1_142' title='bbox 501 1376 622 1407; x_wconf 87' lang='lat' dir='ltr'><strong>dicitur</strong></span> <span class='ocrx_word' id='word_1_143' title='bbox 648 1376 690 1407; x_wconf 82' lang='lat' dir='ltr'><strong>ad</strong></span> <span class='ocrx_word' id='word_1_144' title='bbox 716 1376 840 1407; x_wconf 81' lang='lat' dir='ltr'><strong>vadum</strong></span> <span class='ocrx_word' id='word_1_145' title='bbox 868 1375 908 1406; x_wconf 90' lang='lat' dir='ltr'><strong>de</strong></span> <span class='ocrx_word' id='word_1_146' title='bbox 934 1374 1126 1416; x_wconf 81' lang='lat' dir='ltr'><strong>Stropiella,</strong></span> <span class='ocrx_word' id='word_1_147' title='bbox 1156 1375 1294 1406; x_wconf 78' lang='lat' dir='ltr'><strong>vena&#39;uto</strong></span> <span class='ocrx_word' id='word_1_148' title='bbox 1331 1375 1389 1406; x_wconf 79' lang='lat' dir='ltr'><strong>dal</strong></span> <span class='ocrx_word' id='word_1_149' title='bbox 1423 1377 1581 1406; x_wconf 81' lang='lat' dir='ltr'><strong>convento</strong></span> <span class='ocrx_word' id='word_1_150' title='bbox 1608 1374 1642 1405; x_wconf 81' lang='lat' dir='ltr'><strong>al</strong></span> <span class='ocrx_word' id='word_1_151' title='bbox 1665 1374 1752 1406; x_wconf 75' lang='lat' dir='ltr'><strong>detto</strong></span> <span class='ocrx_word' id='word_1_152' title='bbox 1783 1374 1824 1415; x_wconf 84' lang='lat' dir='ltr'><strong>su</strong></span> <span class='ocrx_word' id='word_1_153' title='bbox 1852 1374 2029 1407; x_wconf 81' lang='lat' dir='ltr'><strong>Gerolamo</strong></span> 
     </span>
     <span class='ocr_line' id='line_1_17' title="bbox 211 1436 2031 1477; baseline -0.001 -8"><span class='ocrx_word' id='word_1_154' title='bbox 211 1438 265 1470; x_wconf 80' lang='lat' dir='ltr'><strong>a&#39;ei</strong></span> <span class='ocrx_word' id='word_1_155' title='bbox 288 1439 376 1469; x_wconf 83' lang='lat' dir='ltr'><strong>conti</strong></span> <span class='ocrx_word' id='word_1_156' title='bbox 398 1437 558 1469; x_wconf 80' lang='lat' dir='ltr'><strong>Albonesi</strong></span> <span class='ocrx_word' id='word_1_157' title='bbox 582 1438 617 1469; x_wconf 84' lang='lat' dir='ltr'><strong>ai</strong></span> <span class='ocrx_word' id='word_1_158' title='bbox 638 1438 686 1469; x_wconf 81' lang='lat'><strong>27</strong></span> <span class='ocrx_word' id='word_1_159' title='bbox 706 1446 818 1469; x_wconf 76' lang='lat' dir='ltr'><strong>marzo</strong></span> <span class='ocrx_word' id='word_1_160' title='bbox 848 1437 940 1469; x_wconf 82' lang='grc'>1544.</span> <span class='ocrx_word' id='word_1_161' title='bbox 967 1437 997 1468; x_wconf 90' lang='grc' dir='ltr'><em>Ε</em></span> <span class='ocrx_word' id='word_1_162' title='bbox 1015 1437 1134 1477; x_wconf 73' lang='lat' dir='ltr'><strong>poiche</strong></span> <span class='ocrx_word' id='word_1_163' title='bbox 1157 1437 1207 1477; x_wconf 84' lang='lat' dir='ltr'><strong>gli</strong></span> <span class='ocrx_word' id='word_1_164' title='bbox 1230 1437 1318 1468; x_wconf 73' lang='lat' dir='ltr'><strong>credi</strong></span> <span class='ocrx_word' id='word_1_165' title='bbox 1342 1437 1395 1468; x_wconf 77' lang='lat' dir='ltr'><strong>del</strong></span> <span class='ocrx_word' id='word_1_166' title='bbox 1418 1437 1506 1468; x_wconf 76' lang='lat' dir='ltr'><strong>detto</strong></span> <span class='ocrx_word' id='word_1_167' title='bbox 1534 1436 1710 1469; x_wconf 78' lang='lat' dir='ltr'><strong>Gerolamo</strong></span> <span class='ocrx_word' id='word_1_168' title='bbox 1743 1445 1807 1468; x_wconf 77' lang='lat' dir='ltr'><strong>non</strong></span> <span class='ocrx_word' id='word_1_169' title='bbox 1836 1437 1946 1468; x_wconf 73' lang='lat' dir='ltr'><strong>hauno</strong></span> <span class='ocrx_word' id='word_1_170' title='bbox 1971 1446 2031 1468; x_wconf 81' lang='grc' dir='ltr'><strong>αη-</strong></span> 
     </span>
     <span class='ocr_line' id='line_1_18' title="bbox 211 1499 2028 1541; baseline -0.001 -9"><span class='ocrx_word' id='word_1_171' title='bbox 211 1509 288 1532; x_wconf 83' lang='lat' dir='ltr'><strong>cora</strong></span> <span class='ocrx_word' id='word_1_172' title='bbox 309 1502 437 1541; x_wconf 78' lang='lat' dir='ltr'><strong>pagato</strong></span> <span class='ocrx_word' id='word_1_173' title='bbox 463 1500 491 1531; x_wconf 78' lang='lat' dir='ltr'><strong>le</strong></span> <span class='ocrx_word' id='word_1_174' title='bbox 516 1500 573 1531; x_wconf 77' lang='lat' dir='ltr'><strong>lire</strong></span> <span class='ocrx_word' id='word_1_175' title='bbox 601 1500 694 1538; x_wconf 84' lang='lat'><strong>1079,</strong></span> <span class='ocrx_word' id='word_1_176' title='bbox 717 1509 839 1540; x_wconf 74' lang='lat' dir='ltr'><strong>prezzo</strong></span> <span class='ocrx_word' id='word_1_177' title='bbox 876 1499 930 1531; x_wconf 79' lang='lat' dir='ltr'><strong>del</strong></span> <span class='ocrx_word' id='word_1_178' title='bbox 958 1499 1077 1540; x_wconf 76' lang='lat' dir='ltr'><strong>fondo,</strong></span> <span class='ocrx_word' id='word_1_179' title='bbox 1110 1499 1229 1540; x_wconf 68' lang='lat' dir='ltr'><strong>perche</strong></span> <span class='ocrx_word' id='word_1_180' title='bbox 1255 1500 1266 1530; x_wconf 84' lang='lat' dir='ltr'><strong>i</strong></span> <span class='ocrx_word' id='word_1_181' title='bbox 1289 1499 1438 1539; x_wconf 74' lang='lat' dir='ltr'><em>religiosi</em></span> <span class='ocrx_word' id='word_1_182' title='bbox 1472 1508 1536 1530; x_wconf 85' lang='lat' dir='ltr'><strong>non</strong></span> <span class='ocrx_word' id='word_1_183' title='bbox 1573 1499 1683 1530; x_wconf 80' lang='lat' dir='ltr'><strong>hanno</strong></span> <span class='ocrx_word' id='word_1_184' title='bbox 1710 1501 1836 1530; x_wconf 78' lang='lat' dir='ltr'><em>trovato</em></span> <span class='ocrx_word' id='word_1_185' title='bbox 1862 1508 1904 1530; x_wconf 82' lang='lat' dir='ltr'><strong>lm</strong></span> <span class='ocrx_word' id='word_1_186' title='bbox 1929 1499 2028 1531; x_wconf 72' lang='lat' dir='ltr'><strong>mocio</strong></span> 
     </span>
     <span class='ocr_line' id='line_1_19' title="bbox 215 1561 2031 1604; baseline -0.001 -9"><span class='ocrx_word' id='word_1_187' title='bbox 215 1564 435 1603; x_wconf 77' lang='lat' dir='ltr'><strong>vantaggioso</strong></span> <span class='ocrx_word' id='word_1_188' title='bbox 460 1563 495 1595; x_wconf 77' lang='lat' dir='ltr'><strong>cii</strong></span> <span class='ocrx_word' id='word_1_189' title='bbox 518 1563 698 1604; x_wconf 78' lang='lat' dir='ltr'><strong>itnpie‘gare</strong></span> <span class='ocrx_word' id='word_1_190' title='bbox 724 1563 813 1594; x_wconf 73' lang='lat' dir='ltr'><strong>detta</strong></span> <span class='ocrx_word' id='word_1_191' title='bbox 837 1571 975 1599; x_wconf 82' lang='lat' dir='ltr'><strong>somma,</strong></span> <span class='ocrx_word' id='word_1_192' title='bbox 996 1562 1019 1594; x_wconf 86' lang='lat' dir='ltr'><strong>il</strong></span> <span class='ocrx_word' id='word_1_193' title='bbox 1032 1562 1175 1603; x_wconf 77' lang='lat' dir='ltr'><strong>capitolo</strong></span> <span class='ocrx_word' id='word_1_194' title='bbox 1197 1571 1341 1602; x_wconf 77' lang='lat' dir='ltr'><em>proroga</em></span> <span class='ocrx_word' id='word_1_195' title='bbox 1356 1562 1379 1593; x_wconf 86' lang='lat' dir='ltr'><strong>il</strong></span> <span class='ocrx_word' id='word_1_196' title='bbox 1392 1562 1524 1593; x_wconf 77' lang='lat' dir='ltr'><em>termine</em></span> <span class='ocrx_word' id='word_1_197' title='bbox 1536 1570 1598 1602; x_wconf 80' lang='lat' dir='ltr'><strong>per</strong></span> <span class='ocrx_word' id='word_1_198' title='bbox 1612 1561 1677 1593; x_wconf 81' lang='lat' dir='ltr'><strong>tale</strong></span> <span class='ocrx_word' id='word_1_199' title='bbox 1690 1564 1893 1602; x_wconf 78' lang='lat' dir='ltr'><strong>pagameuto</strong></span> <span class='ocrx_word' id='word_1_200' title='bbox 1912 1570 1932 1593; x_wconf 81' lang='lat' dir='ltr'><strong>a</strong></span> <span class='ocrx_word' id='word_1_201' title='bbox 1950 1564 2031 1593; x_wconf 77' lang='lat' dir='ltr'><strong>tutto</strong></span> 
     </span>
     <span class='ocr_line' id='line_1_20' title="bbox 214 1621 1014 1666; baseline -0.003 -9"><span class='ocrx_word' id='word_1_202' title='bbox 214 1625 237 1657; x_wconf 89' lang='lat' dir='ltr'><strong>il</strong></span> <span class='ocrx_word' id='word_1_203' title='bbox 260 1634 348 1656; x_wconf 83' lang='lat' dir='ltr'><strong>mese</strong></span> <span class='ocrx_word' id='word_1_204' title='bbox 372 1625 407 1657; x_wconf 79' lang='lat' dir='ltr'><strong>di</strong></span> <span class='ocrx_word' id='word_1_205' title='bbox 429 1625 591 1657; x_wconf 80' lang='lat' dir='ltr'><strong>dicembre</strong></span> <span class='ocrx_word' id='word_1_206' title='bbox 612 1625 776 1666; x_wconf 84' lang='lat' dir='ltr'><strong>prossimo</strong></span> <span class='ocrx_word' id='word_1_207' title='bbox 804 1627 934 1656; x_wconf 80' lang='lat' dir='ltr'><strong>venturo</strong></span> <span class='ocrx_word' id='word_1_208' title='bbox 952 1621 1014 1663; x_wconf 88' lang='lat'>(1).</span> 
     </span>
    </p>
   </div>
   <div class='ocr_carea' id='block_1_8' title="bbox 966 1826 1272 1866">
    <p class='ocr_par' dir='ltr' id='par_1_9' title="bbox 966 1826 1272 1866">
     <span class='ocr_line' id='line_1_21' title="bbox 966 1826 1272 1866; baseline -0.007 0"><span class='ocrx_word' id='word_1_209' title='bbox 966 1826 1272 1866; x_wconf 84' lang='lat' dir='ltr'>CMXXIV.</span> 
     </span>
    </p>
   </div>
   <div class='ocr_carea' id='block_1_9' title="bbox 281 1944 1628 1981">
    <p class='ocr_par' dir='ltr' id='par_1_10' title="bbox 281 1944 1628 1981">
     <span class='ocr_line' id='line_1_22' title="bbox 281 1944 1628 1981; baseline 0 -9"><span class='ocrx_word' id='word_1_210' title='bbox 281 1944 309 1972; x_wconf 91' lang='lat'><strong>11</strong></span> <span class='ocrx_word' id='word_1_211' title='bbox 335 1944 495 1981; x_wconf 83' lang='lat' dir='ltr'><strong>Capitolo</strong></span> <span class='ocrx_word' id='word_1_212' title='bbox 521 1945 555 1973; x_wconf 88' lang='lat' dir='ltr'><strong>di</strong></span> <span class='ocrx_word' id='word_1_213' title='bbox 582 1945 615 1973; x_wconf 91' lang='lat' dir='ltr'><strong>S.</strong></span> <span class='ocrx_word' id='word_1_214' title='bbox 642 1945 816 1980; x_wconf 83' lang='lat' dir='ltr'><strong>Agostino</strong></span> <span class='ocrx_word' id='word_1_215' title='bbox 842 1945 886 1972; x_wconf 72' lang='lat' dir='ltr'><strong>di]</strong></span> <span class='ocrx_word' id='word_1_216' title='bbox 913 1945 1124 1972; x_wconf 86' lang='lat' dir='ltr'><strong>investitura</strong></span> <span class='ocrx_word' id='word_1_217' title='bbox 1151 1944 1185 1972; x_wconf 90' lang='lat' dir='ltr'><strong>di</strong></span> <span class='ocrx_word' id='word_1_218' title='bbox 1212 1944 1290 1972; x_wconf 89' lang='lat' dir='ltr'><strong>beni</strong></span> <span class='ocrx_word' id='word_1_219' title='bbox 1317 1944 1372 1972; x_wconf 87' lang='lat' dir='ltr'><strong>nel</strong></span> <span class='ocrx_word' id='word_1_220' title='bbox 1399 1944 1628 1972; x_wconf 81' lang='lat' dir='ltr'><strong>Siccomario.</strong></span> 
     </span>
    </p>
   </div>
   <div class='ocr_carea' id='block_1_10' title="bbox 838 2065 1402 2097">
    <p class='ocr_par' dir='ltr' id='par_1_11' title="bbox 838 2065 1402 2097">
     <span class='ocr_line' id='line_1_23' title="bbox 838 2065 1402 2097; baseline 0 -8"><span class='ocrx_word' id='word_1_221' title='bbox 838 2065 1001 2095; x_wconf 72' lang='lat'>1660,</span> <span class='ocrx_word' id='word_1_222' title='bbox 1034 2065 1316 2097; x_wconf 63' lang='lat'><strong>3:011110109</strong></span> <span class='ocrx_word' id='word_1_223' title='bbox 1349 2065 1402 2089; x_wconf 79' lang='lat'><strong>9.</strong></span> 
     </span>
    </p>
   </div>
   <div class='ocr_carea' id='block_1_11' title="bbox 751 2152 1492 2178">
    <p class='ocr_par' dir='ltr' id='par_1_12' title="bbox 751 2152 1492 2178">
     <span class='ocr_line' id='line_1_24' title="bbox 751 2152 1492 2178; baseline 0 -5"><span class='ocrx_word' id='word_1_224' title='bbox 751 2153 828 2174; x_wconf 53' lang='lat' dir='ltr'><strong>*Arcu</strong></span> <span class='ocrx_word' id='word_1_225' title='bbox 846 2153 927 2174; x_wconf 79' lang='lat' dir='ltr'><strong>Notar.</strong></span> <span class='ocrx_word' id='word_1_226' title='bbox 943 2153 964 2173; x_wconf 86' lang='lat' dir='ltr'><strong>di</strong></span> <span class='ocrx_word' id='word_1_227' title='bbox 982 2152 1051 2173; x_wconf 79' lang='lat' dir='ltr'><strong>Pavia</strong></span> <span class='ocrx_word' id='word_1_228' title='bbox 1068 2164 1092 2166; x_wconf 97' lang='lat'><strong>—</strong></span> <span class='ocrx_word' id='word_1_229' title='bbox 1108 2153 1155 2173; x_wconf 85' lang='lat' dir='ltr'><strong>Atti</strong></span> <span class='ocrx_word' id='word_1_230' title='bbox 1172 2153 1194 2173; x_wconf 85' lang='lat' dir='ltr'><strong>di</strong></span> <span class='ocrx_word' id='word_1_231' title='bbox 1211 2152 1353 2173; x_wconf 79' lang='lat' dir='ltr'><strong>Alessaudro</strong></span> <span class='ocrx_word' id='word_1_232' title='bbox 1370 2153 1470 2178; x_wconf 80' lang='lat' dir='ltr'><strong>Folperti</strong></span> <span class='ocrx_word' id='word_1_233' title='bbox 1489 2169 1492 2173; x_wconf 89' lang='lat'>.</span> 
     </span>
    </p>
   </div>
   <div class='ocr_carea' id='block_1_12' title="bbox 217 2338 2033 2575">
    <p class='ocr_par' dir='ltr' id='par_1_13' title="bbox 217 2338 2033 2575">
     <span class='ocr_line' id='line_1_25' title="bbox 296 2338 2032 2453; baseline -0.001 -71"><span class='ocrx_word' id='word_1_234' title='bbox 296 2338 394 2453; x_wconf 82' lang='lat' dir='ltr'>R</span> <span class='ocrx_word' id='word_1_235' title='bbox 463 2355 646 2383; x_wconf 79' lang='lat' dir='ltr'>ADUNATO</span> <span class='ocrx_word' id='word_1_236' title='bbox 671 2351 694 2382; x_wconf 84' lang='lat' dir='ltr'><strong>il</strong></span> <span class='ocrx_word' id='word_1_237' title='bbox 718 2350 861 2391; x_wconf 77' lang='lat' dir='ltr'><strong>capitolo</strong></span> <span class='ocrx_word' id='word_1_238' title='bbox 886 2351 921 2382; x_wconf 76' lang='lat' dir='ltr'><strong>cu·</strong></span> <span class='ocrx_word' id='word_1_239' title='bbox 945 2349 978 2382; x_wconf 85' lang='lat' dir='ltr'><strong>S.</strong></span> <span class='ocrx_word' id='word_1_240' title='bbox 1004 2350 1177 2390; x_wconf 82' lang='lat' dir='ltr'><strong>Agostino,</strong></span> <span class='ocrx_word' id='word_1_241' title='bbox 1204 2350 1244 2381; x_wconf 86' lang='lat' dir='ltr'><strong>de</strong></span> <span class='ocrx_word' id='word_1_242' title='bbox 1272 2350 1464 2381; x_wconf 32' lang='lat' dir='ltr'><strong>mandatot..</strong></span> <span class='ocrx_word' id='word_1_243' title='bbox 1491 2350 1641 2390; x_wconf 77' lang='lat' dir='ltr'><strong>magistri</strong></span> <span class='ocrx_word' id='word_1_244' title='bbox 1661 2349 1704 2381; x_wconf 88' lang='lat'><strong>10.</strong></span> <span class='ocrx_word' id='word_1_245' title='bbox 1724 2349 1876 2390; x_wconf 85' lang='lat' dir='ltr'><strong>Baptiste</strong></span> <span class='ocrx_word' id='word_1_246' title='bbox 1892 2351 1932 2381; x_wconf 86' lang='lat' dir='ltr'><strong>de</strong></span> <span class='ocrx_word' id='word_1_247' title='bbox 1951 2349 2032 2382; x_wconf 82' lang='lat' dir='ltr'><strong>Car-</strong></span> 
     </span>
     <span class='ocr_line' id='line_1_26' title="bbox 233 2395 2032 2454; baseline -0.001 -9"><span class='ocrx_word' id='word_1_248' title='bbox 233 2395 235 2418; x_wconf 41' lang='lat' dir='ltr'>y</span> <span class='ocrx_word' id='word_1_249' title='bbox 486 2413 642 2454; x_wconf 84' lang='lat' dir='ltr'><strong>magnola</strong></span> <span class='ocrx_word' id='word_1_250' title='bbox 668 2412 826 2444; x_wconf 79' lang='lat' dir='ltr'><strong>Prioris...</strong></span> <span class='ocrx_word' id='word_1_251' title='bbox 854 2413 885 2444; x_wconf 91' lang='lat' dir='ltr'><strong>in</strong></span> <span class='ocrx_word' id='word_1_252' title='bbox 912 2422 979 2452; x_wconf 86' lang='lat' dir='ltr'><strong>quo</strong></span> <span class='ocrx_word' id='word_1_253' title='bbox 1005 2413 1140 2452; x_wconf 87' lang='lat' dir='ltr'><strong>quidem</strong></span> <span class='ocrx_word' id='word_1_254' title='bbox 1167 2413 1349 2453; x_wconf 68' lang='lat' dir='ltr'><strong>capitulo...</strong></span> <span class='ocrx_word' id='word_1_255' title='bbox 1375 2412 1510 2444; x_wconf 82' lang='lat' dir='ltr'><strong>fuerunt</strong></span> <span class='ocrx_word' id='word_1_256' title='bbox 1527 2422 1600 2444; x_wconf 86' lang='lat' dir='ltr'><strong>cum</strong></span> <span class='ocrx_word' id='word_1_257' title='bbox 1619 2422 1692 2444; x_wconf 92' lang='lat' dir='ltr'><strong>e0...</strong></span> <span class='ocrx_word' id='word_1_258' title='bbox 1711 2413 1812 2445; x_wconf 80' lang='lat' dir='ltr'><strong>frater</strong></span> <span class='ocrx_word' id='word_1_259' title='bbox 1831 2413 2032 2445; x_wconf 81' lang='lat' dir='ltr'><strong>Fortunatus</strong></span> 
     </span>
     <span class='ocr_line' id='line_1_27' title="bbox 233 2464 2030 2516; baseline -0.001 -9"><span class='ocrx_word' id='word_1_260' title='bbox 233 2464 236 2511; x_wconf 61' lang='lat' dir='ltr'><strong>l</strong></span> <span class='ocrx_word' id='word_1_261' title='bbox 273 2511 277 2513; x_wconf 11' lang='grc' dir='ltr'>μ</span> <span class='ocrx_word' id='word_1_262' title='bbox 334 2512 343 2513; x_wconf 24' lang='lat'><em>7</em></span> <span class='ocrx_word' id='word_1_263' title='bbox 441 2511 449 2512; x_wconf 19' lang='grc' dir='ltr'><strong><em>ἶ</em></strong></span> <span class='ocrx_word' id='word_1_264' title='bbox 485 2476 526 2507; x_wconf 86' lang='lat' dir='ltr'><strong>de</strong></span> <span class='ocrx_word' id='word_1_265' title='bbox 552 2474 694 2513; x_wconf 84' lang='lat' dir='ltr'><strong>Cerauo,</strong></span> <span class='ocrx_word' id='word_1_266' title='bbox 710 2474 809 2506; x_wconf 83' lang='lat' dir='ltr'><strong>frater</strong></span> <span class='ocrx_word' id='word_1_267' title='bbox 824 2474 1007 2515; x_wconf 80' lang='lat' dir='ltr'><strong>Angelicus</strong></span> <span class='ocrx_word' id='word_1_268' title='bbox 1034 2476 1247 2512; x_wconf 83' lang='lat' dir='ltr'><strong>mantuanus,</strong></span> <span class='ocrx_word' id='word_1_269' title='bbox 1274 2474 1373 2506; x_wconf 85' lang='lat' dir='ltr'><strong>frater</strong></span> <span class='ocrx_word' id='word_1_270' title='bbox 1392 2474 1515 2507; x_wconf 80' lang='lat' dir='ltr'><strong>Orfeus</strong></span> <span class='ocrx_word' id='word_1_271' title='bbox 1534 2475 1766 2513; x_wconf 75' lang='lat' dir='ltr'><strong>vercellensis,</strong></span> <span class='ocrx_word' id='word_1_272' title='bbox 1784 2475 1885 2507; x_wconf 83' lang='lat' dir='ltr'><strong>frater</strong></span> <span class='ocrx_word' id='word_1_273' title='bbox 1910 2475 2030 2516; x_wconf 83' lang='lat' dir='ltr'><strong>loseph</strong></span> 
     </span>
     <span class='ocr_line' id='line_1_28' title="bbox 217 2536 2033 2575; baseline -0.002 -6"><span class='ocrx_word' id='word_1_274' title='bbox 217 2538 356 2575; x_wconf 89' lang='lat' dir='ltr'><strong>siculus,</strong></span> <span class='ocrx_word' id='word_1_275' title='bbox 382 2537 481 2569; x_wconf 82' lang='lat' dir='ltr'><strong>irater</strong></span> <span class='ocrx_word' id='word_1_276' title='bbox 507 2537 722 2569; x_wconf 82' lang='lat' dir='ltr'><strong>Hieronimus</strong></span> <span class='ocrx_word' id='word_1_277' title='bbox 749 2537 982 2574; x_wconf 82' lang='lat' dir='ltr'><strong>bononiensis,</strong></span> <span class='ocrx_word' id='word_1_278' title='bbox 1008 2536 1108 2568; x_wconf 82' lang='lat' dir='ltr'><strong>frater</strong></span> <span class='ocrx_word' id='word_1_279' title='bbox 1133 2536 1252 2567; x_wconf 84' lang='lat' dir='ltr'><strong>Nicola</strong></span> <span class='ocrx_word' id='word_1_280' title='bbox 1278 2536 1506 2575; x_wconf 87' lang='lat' dir='ltr'><strong>vercellensis,</strong></span> <span class='ocrx_word' id='word_1_281' title='bbox 1543 2536 1643 2568; x_wconf 81' lang='lat' dir='ltr'><strong>frater</strong></span> <span class='ocrx_word' id='word_1_282' title='bbox 1681 2536 1822 2568; x_wconf 84' lang='lat' dir='ltr'><strong>lacobus</strong></span> <span class='ocrx_word' id='word_1_283' title='bbox 1848 2537 1889 2569; x_wconf 87' lang='lat' dir='ltr'><strong>de</strong></span> <span class='ocrx_word' id='word_1_284' title='bbox 1915 2539 2033 2568; x_wconf 78' lang='lat' dir='ltr'><strong>saneto</strong></span> 
     </span>
    </p>
   </div>
   <div class='ocr_carea' id='block_1_13' title="bbox 222 2710 2030 3051">
    <p class='ocr_par' dir='ltr' id='par_1_14' title="bbox 222 2710 2030 3051">
     <span class='ocr_line' id='line_1_29' title="bbox 275 2710 2027 2738; baseline -0.002 -3"><span class='ocrx_word' id='word_1_285' title='bbox 275 2713 305 2736; x_wconf 86' lang='lat' dir='ltr'><strong>(l)</strong></span> <span class='ocrx_word' id='word_1_286' title='bbox 320 2713 346 2734; x_wconf 85' lang='grc' dir='ltr'><strong>Αἰ</strong></span> <span class='ocrx_word' id='word_1_287' title='bbox 365 2714 387 2734; x_wconf 80' lang='grc' dir='ltr'>Η</span> <span class='ocrx_word' id='word_1_288' title='bbox 402 2714 531 2734; x_wconf 82' lang='lat' dir='ltr'><strong>settembre</strong></span> <span class='ocrx_word' id='word_1_289' title='bbox 548 2714 606 2738; x_wconf 73' lang='lat'><strong>1549,</strong></span> <span class='ocrx_word' id='word_1_290' title='bbox 622 2718 665 2733; x_wconf 87' lang='lat' dir='ltr'><strong>con</strong></span> <span class='ocrx_word' id='word_1_291' title='bbox 679 2714 731 2733; x_wconf 77' lang='grc'>3110</span> <span class='ocrx_word' id='word_1_292' title='bbox 753 2712 774 2733; x_wconf 85' lang='grc'><strong>(11</strong></span> <span class='ocrx_word' id='word_1_293' title='bbox 797 2712 888 2733; x_wconf 81' lang='lat' dir='ltr'><strong>Mattco</strong></span> <span class='ocrx_word' id='word_1_294' title='bbox 907 2711 1041 2736; x_wconf 72' lang='lat' dir='ltr'><strong>Ceuanova,</strong></span> <span class='ocrx_word' id='word_1_295' title='bbox 1062 2716 1098 2731; x_wconf 88' lang='lat' dir='ltr'><strong>ro-</strong></span> <span class='ocrx_word' id='word_1_296' title='bbox 1152 2711 1240 2736; x_wconf 61' lang='lat' dir='ltr'><strong>[relicus</strong></span> <span class='ocrx_word' id='word_1_297' title='bbox 1255 2712 1403 2735; x_wconf 73' lang='lat' dir='ltr'><strong>mantuanus,</strong></span> <span class='ocrx_word' id='word_1_298' title='bbox 1420 2710 1494 2731; x_wconf 79' lang='lat' dir='ltr'><strong>lector</strong></span> <span class='ocrx_word' id='word_1_299' title='bbox 1508 2710 1580 2731; x_wconf 78' lang='lat' dir='ltr'><strong>frater</strong></span> <span class='ocrx_word' id='word_1_300' title='bbox 1590 2711 1696 2732; x_wconf 76' lang='lat' dir='ltr'><strong>Andreas</strong></span> <span class='ocrx_word' id='word_1_301' title='bbox 1706 2712 1819 2736; x_wconf 82' lang='lat' dir='ltr'><strong>aretinus,</strong></span> <span class='ocrx_word' id='word_1_302' title='bbox 1832 2712 1942 2737; x_wconf 73' lang='lat' dir='ltr'><strong>magister</strong></span> <span class='ocrx_word' id='word_1_303' title='bbox 1956 2712 2027 2733; x_wconf 82' lang='lat' dir='ltr'><strong>studii</strong></span> 
     </span>
     <span class='ocr_line' id='line_1_30' title="bbox 222 2754 2030 2783; baseline -0.001 -5"><span class='ocrx_word' id='word_1_304' title='bbox 222 2758 278 2783; x_wconf 80' lang='lat' dir='ltr'><strong>gato</strong></span> <span class='ocrx_word' id='word_1_305' title='bbox 293 2758 352 2778; x_wconf 83' lang='lat' dir='ltr'><strong>nella</strong></span> <span class='ocrx_word' id='word_1_306' title='bbox 374 2757 431 2778; x_wconf 83' lang='lat' dir='ltr'><strong>cella</strong></span> <span class='ocrx_word' id='word_1_307' title='bbox 453 2757 490 2778; x_wconf 83' lang='lat' dir='ltr'><strong>del</strong></span> <span class='ocrx_word' id='word_1_308' title='bbox 512 2757 592 2778; x_wconf 81' lang='lat' dir='ltr'><strong>Priore</strong></span> <span class='ocrx_word' id='word_1_309' title='bbox 614 2757 635 2778; x_wconf 87' lang='lat' dir='ltr'><strong>di</strong></span> <span class='ocrx_word' id='word_1_310' title='bbox 656 2756 679 2778; x_wconf 84' lang='lat' dir='ltr'><strong>S.</strong></span> <span class='ocrx_word' id='word_1_311' title='bbox 696 2757 820 2782; x_wconf 69' lang='lat' dir='ltr'><strong>Agostino,</strong></span> <span class='ocrx_word' id='word_1_312' title='bbox 842 2757 856 2777; x_wconf 86' lang='lat' dir='ltr'><strong>il</strong></span> <span class='ocrx_word' id='word_1_313' title='bbox 872 2756 949 2777; x_wconf 80' lang='lat' dir='ltr'><strong>nobile</strong></span> <span class='ocrx_word' id='word_1_314' title='bbox 971 2755 1098 2776; x_wconf 80' lang='lat' dir='ltr'><strong>Ottaviano</strong></span> <span class='ocrx_word' id='word_1_315' title='bbox 1154 2754 1225 2775; x_wconf 76' lang='lat' dir='ltr'><strong>irater</strong></span> <span class='ocrx_word' id='word_1_316' title='bbox 1241 2755 1324 2781; x_wconf 83' lang='lat' dir='ltr'><strong>loseph</strong></span> <span class='ocrx_word' id='word_1_317' title='bbox 1340 2755 1368 2776; x_wconf 81' lang='lat' dir='ltr'><strong>de</strong></span> <span class='ocrx_word' id='word_1_318' title='bbox 1384 2755 1475 2776; x_wconf 72' lang='lat' dir='ltr'><strong>Mateta</strong></span> <span class='ocrx_word' id='word_1_319' title='bbox 1491 2755 1588 2781; x_wconf 86' lang='lat' dir='ltr'><strong>siculus,</strong></span> <span class='ocrx_word' id='word_1_320' title='bbox 1604 2761 1686 2776; x_wconf 86' lang='lat' dir='ltr'><strong>cursor</strong></span> <span class='ocrx_word' id='word_1_321' title='bbox 1700 2755 1772 2777; x_wconf 74' lang='lat' dir='ltr'><strong>frater</strong></span> <span class='ocrx_word' id='word_1_322' title='bbox 1788 2756 1936 2777; x_wconf 82' lang='lat' dir='ltr'><strong>llieroninius</strong></span> <span class='ocrx_word' id='word_1_323' title='bbox 1958 2757 2030 2777; x_wconf 81' lang='lat' dir='ltr'><strong>bono-</strong></span> 
     </span>
     <span class='ocr_line' id='line_1_31' title="bbox 224 2799 2029 2827; baseline -0.001 -5"><span class='ocrx_word' id='word_1_324' title='bbox 224 2801 345 2823; x_wconf 81' lang='lat' dir='ltr'><strong>Landriani</strong></span> <span class='ocrx_word' id='word_1_325' title='bbox 361 2801 396 2823; x_wconf 77' lang='lat' dir='ltr'><strong>del</strong></span> <span class='ocrx_word' id='word_1_326' title='bbox 413 2801 435 2823; x_wconf 75' lang='lat' dir='ltr'><strong>iu</strong></span> <span class='ocrx_word' id='word_1_327' title='bbox 451 2801 542 2827; x_wconf 81' lang='lat' dir='ltr'><strong>Nicola,</strong></span> <span class='ocrx_word' id='word_1_328' title='bbox 557 2802 579 2822; x_wconf 88' lang='lat' dir='ltr'><strong>di</strong></span> <span class='ocrx_word' id='word_1_329' title='bbox 595 2801 701 2823; x_wconf 81' lang='lat' dir='ltr'><strong>Rozasco</strong></span> <span class='ocrx_word' id='word_1_330' title='bbox 716 2801 738 2822; x_wconf 85' lang='lat' dir='ltr'><strong>di</strong></span> <span class='ocrx_word' id='word_1_331' title='bbox 755 2801 889 2826; x_wconf 83' lang='lat' dir='ltr'><strong>Lomellina,</strong></span> <span class='ocrx_word' id='word_1_332' title='bbox 912 2800 986 2821; x_wconf 87' lang='lat' dir='ltr'><strong>vende</strong></span> <span class='ocrx_word' id='word_1_333' title='bbox 1003 2805 1043 2825; x_wconf 84' lang='lat' dir='ltr'><strong>per</strong></span> <span class='ocrx_word' id='word_1_334' title='bbox 1058 2799 1098 2820; x_wconf 88' lang='lat' dir='ltr'><strong>lire</strong></span> <span class='ocrx_word' id='word_1_335' title='bbox 1154 2799 1250 2825; x_wconf 78' lang='lat' dir='ltr'><strong>nieiisiS,</strong></span> <span class='ocrx_word' id='word_1_336' title='bbox 1265 2799 1337 2820; x_wconf 80' lang='lat' dir='ltr'><strong>irater</strong></span> <span class='ocrx_word' id='word_1_337' title='bbox 1352 2799 1467 2820; x_wconf 79' lang='lat' dir='ltr'><strong>Antonius</strong></span> <span class='ocrx_word' id='word_1_338' title='bbox 1490 2799 1518 2820; x_wconf 89' lang='lat' dir='ltr'><strong>de</strong></span> <span class='ocrx_word' id='word_1_339' title='bbox 1540 2799 1659 2826; x_wconf 84' lang='lat' dir='ltr'><strong>Gropello,</strong></span> <span class='ocrx_word' id='word_1_340' title='bbox 1682 2799 1753 2821; x_wconf 75' lang='lat' dir='ltr'><strong>irater</strong></span> <span class='ocrx_word' id='word_1_341' title='bbox 1775 2800 1855 2822; x_wconf 85' lang='lat' dir='ltr'><strong>Nicola</strong></span> <span class='ocrx_word' id='word_1_342' title='bbox 1870 2801 2029 2826; x_wconf 76' lang='lat' dir='ltr'><strong>vercellensis,</strong></span> 
     </span>
     <span class='ocr_line' id='line_1_32' title="bbox 222 2843 2029 2872; baseline -0.001 -5"><span class='ocrx_word' id='word_1_343' title='bbox 222 2846 383 2872; x_wconf 78' lang='lat' dir='ltr'><strong>ventiquauro</strong></span> <span class='ocrx_word' id='word_1_344' title='bbox 397 2846 442 2867; x_wconf 82' lang='lat' dir='ltr'><strong>alla</strong></span> <span class='ocrx_word' id='word_1_345' title='bbox 458 2846 546 2872; x_wconf 81' lang='lat' dir='ltr'><strong>pertica</strong></span> <span class='ocrx_word' id='word_1_346' title='bbox 562 2852 606 2867; x_wconf 78' lang='lat' dir='ltr'><strong>una</strong></span> <span class='ocrx_word' id='word_1_347' title='bbox 622 2847 684 2867; x_wconf 83' lang='lat' dir='ltr'><strong>terra</strong></span> <span class='ocrx_word' id='word_1_348' title='bbox 699 2846 721 2866; x_wconf 90' lang='lat' dir='ltr'><strong>in</strong></span> <span class='ocrx_word' id='word_1_349' title='bbox 737 2845 811 2866; x_wconf 81' lang='lat' dir='ltr'><strong>Ponte</strong></span> <span class='ocrx_word' id='word_1_350' title='bbox 826 2845 908 2866; x_wconf 80' lang='lat' dir='ltr'><strong>Carale</strong></span> <span class='ocrx_word' id='word_1_351' title='bbox 924 2844 945 2864; x_wconf 86' lang='lat' dir='ltr'><strong>di</strong></span> <span class='ocrx_word' id='word_1_352' title='bbox 959 2844 982 2865; x_wconf 78' lang='lat'><strong>16</strong></span> <span class='ocrx_word' id='word_1_353' title='bbox 993 2844 1096 2869; x_wconf 78' lang='lat' dir='ltr'><strong>pertiche</strong></span> <span class='ocrx_word' id='word_1_354' title='bbox 1150 2844 1221 2864; x_wconf 80' lang='lat' dir='ltr'><strong>irater</strong></span> <span class='ocrx_word' id='word_1_355' title='bbox 1236 2843 1401 2869; x_wconf 73' lang='lat' dir='ltr'><strong>simplicianus</strong></span> <span class='ocrx_word' id='word_1_356' title='bbox 1415 2844 1570 2870; x_wconf 80' lang='lat' dir='ltr'><strong>ariminensis,</strong></span> <span class='ocrx_word' id='word_1_357' title='bbox 1587 2844 1658 2865; x_wconf 77' lang='lat' dir='ltr'><strong>trater</strong></span> <span class='ocrx_word' id='word_1_358' title='bbox 1674 2844 1773 2866; x_wconf 77' lang='lat' dir='ltr'><strong>lacobus</strong></span> <span class='ocrx_word' id='word_1_359' title='bbox 1783 2845 1812 2866; x_wconf 88' lang='lat' dir='ltr'><strong>de</strong></span> <span class='ocrx_word' id='word_1_360' title='bbox 1822 2847 1905 2866; x_wconf 78' lang='lat' dir='ltr'><strong>sancto</strong></span> <span class='ocrx_word' id='word_1_361' title='bbox 1921 2845 2029 2871; x_wconf 79' lang='lat' dir='ltr'><strong>Nazario,</strong></span> 
     </span>
     <span class='ocr_line' id='line_1_33' title="bbox 223 2887 2027 2916; baseline -0.001 -5"><span class='ocrx_word' id='word_1_362' title='bbox 223 2890 244 2911; x_wconf 86' lang='grc'><strong>31</strong></span> <span class='ocrx_word' id='word_1_363' title='bbox 260 2890 369 2916; x_wconf 76' lang='lat' dir='ltr'><strong>capitolo</strong></span> <span class='ocrx_word' id='word_1_364' title='bbox 391 2890 413 2911; x_wconf 91' lang='lat' dir='ltr'><strong>di</strong></span> <span class='ocrx_word' id='word_1_365' title='bbox 437 2890 459 2912; x_wconf 90' lang='lat' dir='ltr'><strong>S.</strong></span> <span class='ocrx_word' id='word_1_366' title='bbox 476 2890 590 2916; x_wconf 75' lang='lat' dir='ltr'><strong>Agostino</strong></span> <span class='ocrx_word' id='word_1_367' title='bbox 611 2890 714 2911; x_wconf 80' lang='lat' dir='ltr'><strong>adunato</strong></span> <span class='ocrx_word' id='word_1_368' title='bbox 739 2890 928 2915; x_wconf 79' lang='lat' dir='ltr'><strong>espressamente</strong></span> <span class='ocrx_word' id='word_1_369' title='bbox 944 2888 972 2909; x_wconf 88' lang='lat' dir='ltr'><strong>de</strong></span> <span class='ocrx_word' id='word_1_370' title='bbox 988 2888 1098 2909; x_wconf 74' lang='lat' dir='ltr'><strong>mandato</strong></span> <span class='ocrx_word' id='word_1_371' title='bbox 1155 2887 1225 2908; x_wconf 77' lang='lat' dir='ltr'><strong>irater</strong></span> <span class='ocrx_word' id='word_1_372' title='bbox 1240 2887 1386 2913; x_wconf 79' lang='lat' dir='ltr'><strong>Augustinus</strong></span> <span class='ocrx_word' id='word_1_373' title='bbox 1407 2888 1436 2909; x_wconf 86' lang='lat' dir='ltr'><strong>de</strong></span> <span class='ocrx_word' id='word_1_374' title='bbox 1459 2888 1540 2914; x_wconf 77' lang='lat' dir='ltr'><strong>Papia,</strong></span> <span class='ocrx_word' id='word_1_375' title='bbox 1562 2888 1634 2910; x_wconf 77' lang='lat' dir='ltr'><strong>irater</strong></span> <span class='ocrx_word' id='word_1_376' title='bbox 1650 2889 1695 2910; x_wconf 88' lang='lat' dir='ltr'><strong>Leo</strong></span> <span class='ocrx_word' id='word_1_377' title='bbox 1711 2889 1739 2910; x_wconf 85' lang='lat' dir='ltr'><strong>de</strong></span> <span class='ocrx_word' id='word_1_378' title='bbox 1754 2889 1905 2915; x_wconf 78' lang='lat' dir='ltr'><strong>Montclparo</strong></span> <span class='ocrx_word' id='word_1_379' title='bbox 1920 2890 2027 2913; x_wconf 78' lang='lat' dir='ltr'><strong>studens,</strong></span> 
     </span>
     <span class='ocr_line' id='line_1_34' title="bbox 224 2931 2030 2961; baseline -0.001 -5"><span class='ocrx_word' id='word_1_380' title='bbox 224 2935 343 2956; x_wconf 83' lang='lat' dir='ltr'><strong>reverendi</strong></span> <span class='ocrx_word' id='word_1_381' title='bbox 367 2935 453 2956; x_wconf 88' lang='lat' dir='ltr'><strong>domini</strong></span> <span class='ocrx_word' id='word_1_382' title='bbox 478 2935 582 2961; x_wconf 84' lang='lat' dir='ltr'><strong>magistri</strong></span> <span class='ocrx_word' id='word_1_383' title='bbox 606 2934 685 2956; x_wconf 75' lang='lat' dir='ltr'><strong>fratris</strong></span> <span class='ocrx_word' id='word_1_384' title='bbox 709 2934 740 2956; x_wconf 90' lang='lat' dir='ltr'><strong>lo.</strong></span> <span class='ocrx_word' id='word_1_385' title='bbox 766 2934 873 2960; x_wconf 78' lang='lat' dir='ltr'><strong>Baptisie</strong></span> <span class='ocrx_word' id='word_1_386' title='bbox 895 2933 923 2954; x_wconf 88' lang='lat' dir='ltr'><strong>de</strong></span> <span class='ocrx_word' id='word_1_387' title='bbox 945 2933 1098 2959; x_wconf 81' lang='lat' dir='ltr'><strong>Carmagnola</strong></span> <span class='ocrx_word' id='word_1_388' title='bbox 1153 2932 1252 2953; x_wconf 72' lang='lat' dir='ltr'><strong>studens</strong></span> <span class='ocrx_word' id='word_1_389' title='bbox 1267 2931 1338 2953; x_wconf 77' lang='lat' dir='ltr'><strong>irater</strong></span> <span class='ocrx_word' id='word_1_390' title='bbox 1353 2931 1470 2953; x_wconf 83' lang='lat' dir='ltr'><strong>Melcuion</strong></span> <span class='ocrx_word' id='word_1_391' title='bbox 1493 2932 1624 2958; x_wconf 82' lang='lat' dir='ltr'><strong>trivixinus,</strong></span> <span class='ocrx_word' id='word_1_392' title='bbox 1647 2933 1746 2954; x_wconf 83' lang='lat' dir='ltr'><strong>studens</strong></span> <span class='ocrx_word' id='word_1_393' title='bbox 1770 2933 1841 2954; x_wconf 78' lang='lat' dir='ltr'><strong>irater</strong></span> <span class='ocrx_word' id='word_1_394' title='bbox 1856 2934 1986 2954; x_wconf 79' lang='lat' dir='ltr'><strong>Alexander</strong></span> <span class='ocrx_word' id='word_1_395' title='bbox 2002 2934 2030 2954; x_wconf 83' lang='lat' dir='ltr'><strong>dc</strong></span> 
     </span>
     <span class='ocr_line' id='line_1_35' title="bbox 224 2975 2029 3006; baseline -0.001 -6"><span class='ocrx_word' id='word_1_396' title='bbox 224 2978 318 3005; x_wconf 77' lang='lat' dir='ltr'><strong>Prioris,</strong></span> <span class='ocrx_word' id='word_1_397' title='bbox 334 2985 346 3000; x_wconf 85' lang='lat' dir='ltr'>c</span> <span class='ocrx_word' id='word_1_398' title='bbox 361 2981 485 3006; x_wconf 79' lang='lat' dir='ltr'><strong>composta</strong></span> <span class='ocrx_word' id='word_1_399' title='bbox 500 2979 522 3000; x_wconf 90' lang='lat' dir='ltr'><strong>di</strong></span> <span class='ocrx_word' id='word_1_400' title='bbox 539 2979 650 3005; x_wconf 82' lang='lat' dir='ltr'><strong>magister</strong></span> <span class='ocrx_word' id='word_1_401' title='bbox 666 2979 800 3000; x_wconf 85' lang='lat' dir='ltr'><strong>Ludovicus</strong></span> <span class='ocrx_word' id='word_1_402' title='bbox 811 2978 976 3005; x_wconf 75' lang='lat' dir='ltr'><strong>patavinust&#39;?)</strong></span> <span class='ocrx_word' id='word_1_403' title='bbox 987 2977 1058 2998; x_wconf 83' lang='lat' dir='ltr'><strong>studii</strong></span> <span class='ocrx_word' id='word_1_404' title='bbox 1069 2983 1102 2998; x_wconf 85' lang='lat' dir='ltr'><strong>re·</strong></span> <span class='ocrx_word' id='word_1_405' title='bbox 1155 2976 1285 2998; x_wconf 78' lang='lat' dir='ltr'><strong>Castclauo</strong></span> <span class='ocrx_word' id='word_1_406' title='bbox 1301 2977 1323 2997; x_wconf 78' lang='lat' dir='ltr'><strong>et</strong></span> <span class='ocrx_word' id='word_1_407' title='bbox 1339 2975 1411 2997; x_wconf 84' lang='lat' dir='ltr'><strong>irater</strong></span> <span class='ocrx_word' id='word_1_408' title='bbox 1427 2977 1573 2998; x_wconf 83' lang='lat' dir='ltr'><strong>Hieronimus</strong></span> <span class='ocrx_word' id='word_1_409' title='bbox 1589 2977 1617 2998; x_wconf 83' lang='lat' dir='ltr'><strong>dc</strong></span> <span class='ocrx_word' id='word_1_410' title='bbox 1633 2977 1743 3003; x_wconf 80' lang='lat' dir='ltr'><strong>Novaria,</strong></span> <span class='ocrx_word' id='word_1_411' title='bbox 1767 2978 1806 3004; x_wconf 78' lang='lat' dir='ltr'><strong>piu</strong></span> <span class='ocrx_word' id='word_1_412' title='bbox 1822 2978 1844 2998; x_wconf 90' lang='lat' dir='ltr'><strong>di</strong></span> <span class='ocrx_word' id='word_1_413' title='bbox 1860 2978 1904 2999; x_wconf 86' lang='lat' dir='ltr'><strong>duc</strong></span> <span class='ocrx_word' id='word_1_414' title='bbox 1920 2978 1976 2999; x_wconf 81' lang='lat' dir='ltr'><strong>terzi</strong></span> <span class='ocrx_word' id='word_1_415' title='bbox 1993 2978 2029 2999; x_wconf 82' lang='lat' dir='ltr'><strong>del</strong></span> 
     </span>
     <span class='ocr_line' id='line_1_36' title="bbox 224 3020 1265 3051; baseline -0.004 -6"><span class='ocrx_word' id='word_1_416' title='bbox 224 3029 290 3051; x_wconf 83' lang='lat' dir='ltr'><strong>gens,</strong></span> <span class='ocrx_word' id='word_1_417' title='bbox 305 3024 453 3045; x_wconf 80' lang='lat' dir='ltr'><strong>bachalarius</strong></span> <span class='ocrx_word' id='word_1_418' title='bbox 467 3023 539 3045; x_wconf 77' lang='lat' dir='ltr'><strong>frater</strong></span> <span class='ocrx_word' id='word_1_419' title='bbox 555 3024 697 3045; x_wconf 79' lang='lat' dir='ltr'><strong>Fortunatus</strong></span> <span class='ocrx_word' id='word_1_420' title='bbox 712 3023 742 3045; x_wconf 86' lang='lat' dir='ltr'><strong>de</strong></span> <span class='ocrx_word' id='word_1_421' title='bbox 756 3022 856 3049; x_wconf 83' lang='lat' dir='ltr'><strong>Cerano,</strong></span> <span class='ocrx_word' id='word_1_422' title='bbox 881 3023 954 3044; x_wconf 84' lang='lat' dir='ltr'><strong>lector</strong></span> <span class='ocrx_word' id='word_1_423' title='bbox 969 3021 1040 3043; x_wconf 81' lang='lat' dir='ltr'><strong>irater</strong></span> <span class='ocrx_word' id='word_1_424' title='bbox 1055 3021 1099 3042; x_wconf 80' lang='grc' dir='ltr'>Αιι-</span> <span class='ocrx_word' id='word_1_425' title='bbox 1154 3020 1265 3045; x_wconf 74' lang='lat' dir='ltr'><strong>capitolo.</strong></span> 
     </span>
    </p>
   </div>
  </div>
 </body>
</html>
