2305 3407
1899 211 1942 243 59

122 342 330 383 gregationis
356 342 602 380 Lateranensis‚
627 342 696 373 alla
716 350 879 382 presenza
903 340 957 373 de!
980 341 1090 373 dottor
1111 341 1142 372 in
1167 340 1260 380 Ieggi
1290 340 1433 372 Antonio
1458 340 1498 372 de
1530 340 1612 372 Villa
1630 340 1826 381 samr'glr'are
1851 351 1867 373 e
1892 351 1943 373 se-

123 404 258 435 cretario
282 403 337 435 del
361 402 539 436 Cardinale
566 402 855 436 Commendatario
880 403 915 434 di
938 401 970 435 S.
998 401 1106 434 Pietro
1132 403 1164 433 in
1191 401 1262 434 Ciel
1285 401 1317 433 α’
1330 410 1396 438 oro,
1423 402 1509 434 edin
1527 404 1719 434 esecuzi0ne
1744 404 1779 435 di
1802 412 1867 435 una
1885 404 1943 435 let-

122 467 190 496 tera
213 465 300 497 dello
324 467 430 498 stesso
458 464 644 504 CaniInale,
662 466 775 497 scritta
801 465 844 497 da
872 464 1054 506 Caprarola
1079 464 1226 496 l'ultr'mo
1251 464 1287 495 αἰ·
1309 465 1428 504 agosto
1447 463 1501 495 del
1527 464 1620 496 1509.
1652 464 1836 497 Termt'nato
1861 465 1943 497 I'in-

124 528 266 559 ventario
291 536 308 559 e
331 527 364 559 [α
389 535 556 568 consegna
581 527 636 559 dei
657 527 781 566 mobili,
806 527 830 559 il
853 528 941 559 detto
977 527 1150 558 secretario
1183 526 1275 564 Villa,
1301 535 1342 557 ex
1370 528 1536 566 potestate
1570 529 1599 558 et
1627 527 1738 568 baylia
1764 528 1828 558 sibi
1863 529 1939 559 atri-

124 589 213 621 butis
238 598 297 630 per
319 589 461 621 formam
488 590 551 621 iam
577 590 740 621 dictarum
767 590 961 627 litterarum,
987 589 1149 629 imposuit
1175 588 1305 629 prefato
1330 589 1468 619 domino
1494 588 1631 620 Iohanni
1652 588 1803 629 Baptiste
1822 590 1862 621 de
1881 589 1943 621 Ve—

123 660 203 683 rona
228 652 400 683 vicari0....
425 654 502 683 ut....
528 652 691 683 accersire
716 651 839 684 faceret
865 661 924 684 seu
951 652 1092 683 mitteret
1118 652 1257 682 vocatos
1282 659 1401 682 omnes
1418 651 1505 682 alios
1523 651 1709 683 canonicos
1735 660 1828 690 suos,
1855 660 1943 692 quos

121 714 283 746 asseritur
305 715 530 755 congregatos
554 713 626 745 fore
652 715 683 745 in
709 714 869 746 domibus
893 716 924 746 et
950 714 1153 745 monasterio
1179 712 1316 744 fratrum
1343 713 1588 751 heremitarum,
1615 713 1714 745 binos
1739 713 1848 745 binos.
1877 712 1941 751 Qui

121 775 248 807 domini
273 773 437 808 Canonici
463 775 542 807 illuc
567 777 719 808 accersiti
746 777 778 808 et
804 777 913 808 vocati
941 776 1012 807 bini
1033 775 1113 813 bini,
1131 784 1173 806 ex
1201 775 1418 815 impositione
1444 777 1476 806 et
1502 775 1615 806 verbis
1641 775 1794 807 eiusdem
1813 776 1940 807 domini

121 837 249 875 vicarii,
275 837 331 878 qui
357 837 516 869 dominus
542 838 689 870 vicarius
714 838 842 869 eisdem
868 838 1038 875 omnibus,
1065 837 1143 868 dum
1162 837 1210 869 sic
1240 837 1308 868 bini
1334 836 1494 877 paulatim
1521 838 1682 876 venirent,
1708 837 1882 869 asserebat
1907 840 1938 870 et

121 899 241 931 asserit
265 907 302 930 se
327 899 456 931 vidisse
483 900 677 931 mandatum
704 899 823 940 prefati
849 900 976 931 domini
1003 899 1138 931 Antonii
1165 901 1196 930 et
1222 899 1313 939 quod
1340 899 1500 932 vuluntas
1526 899 1644 940 prefati
1664 900 1939 932 reverendissimi

119 960 246 992 domini
272 958 465 992 Cardinalis
490 962 559 992 erat
584 963 615 992 et
641 963 691 992 est
717 961 808 1001 quod
835 962 899 1001 ipsi
926 960 1089 993 Canonici
1117 961 1361 993 Lateranenses
1387 971 1452 993 non
1478 962 1640 994 deberent
1666 962 1697 993 in
1725 963 1800 1003 ipso
1827 971 1942 994 mona-

119 1022 222 1054 sterio
246 1023 278 1053 et
301 1022 438 1053 abbatia
465 1031 644 1060 remanere,
677 1023 745 1053 bini
771 1024 957 1063 assumptis
982 1024 1077 1064 capis
1103 1024 1185 1061 suis,
1211 1026 1333 1064 sponte
1359 1032 1420 1055 sua
1447 1026 1657 1056 recesserunt
1682 1034 1699 1055 3
1727 1024 1886 1056 domibus
1911 1027 1941 1056 et

116 1084 283 1116 clausuris
309 1084 449 1124 predicti
477 1085 671 1116 monasterii
698 1088 729 1116 et
754 1085 892 1117 abbatie
918 1086 1025 1117 sancti
1054 1084 1140 1116 Petri
1169 1086 1199 1116 in
1227 1084 1310 1118 Ceio
1336 1094 1439 1117 aureo
1465 1087 1640 1127 papiensis
1657 1084 1719 1126 (l).

913 1287 1157 1327 DCCXV.

205 1402 232 1430 n
260 1402 518 1431 Commissario
556 1404 611 1432 del
647 1404 750 1432 Card.
792 1403 1102 1432 Commendatario
1129 1404 1222 1433 vieta
1247 1404 1279 1432 ai
1304 1404 1511 1433 Lateranesi
1536 1404 1557 1432 l'
1576 1405 1737 1440 ingresso
1763 1405 1818 1433 nel
1857 1413 1938 1433 con-

119 1460 223 1484 vento
249 1456 284 1484 di
309 1456 342 1487 S.
369 1456 489 1485 Pietro
515 1457 550 1485 in
576 1457 651 1485 Ciel
676 1457 707 1485 d'
725 1466 798 1485 oro.

765 1570 917 1601 1509,
950 1572 1189 1602 ottol)re‚
1222 1571 1296 1595 12.

722 1658 799 1681 (Arcti.
816 1658 852 1678 del
869 1658 991 1679 Convento
1007 1658 1028 1679 di
1044 1658 1067 1679 S.
1084 1658 1198 1684 Agostino
1215 1658 1236 1679 di
1254 1658 1342 1681 Pavia).

187 1851 304 1968 Α
356 1869 529 1910 ¹NTONlUS
555 1864 651 1903 Villa,
678 1865 719 1896 de
753 1865 850 1902 Luca,
889 1866 1064 1905 utriusque
1102 1866 1182 1896 iuris
1220 1864 1402 1905 professor,
1444 1864 1717 1896 reverendissimi
1745 1863 1784 1895 D.
1811 1863 1851 1895 D.
1879 1863 1941 1897 Ra-

356 1951 357 1954 *
385 1926 518 1968 phaelis
545 1927 705 1968 Episcopi
733 1928 939 1968 portuensis,
965 1925 1158 1959 Cardinalis
1184 1927 1291 1958 sancti
1319 1925 1455 1967 Georgii
1498 1927 1693 1966 nuncupati,
1735 1928 1849 1958 sancte
1877 1925 1942 1959 Ro-

385 1998 481 2021 mane
507 1989 656 2021 Ecclesie
682 1998 720 2021 ac
747 1990 951 2021 sanctissimi
972 1990 1002 2020 in
1021 1988 1158 2022 Christo
1178 1990 1282 2030 patris
1301 1990 1426 2020 domini
1447 1990 1551 2020 nostri
1571 1989 1698 2020 domini
1719 1988 1788 2020 lulii
1816 1988 1939 2020 Divina

120 2051 337 2084 Providentia
363 2051 455 2092 Pape
480 2052 620 2083 secundi
658 2052 843 2090 camerarii,
881 2052 1144 2092 monasteriique
1170 2054 1201 2083 et
1226 2052 1361 2083 abbatie
1399 2052 1505 2083 sancti
1527 2039 1634 2082 *Petri
1661 2052 1692 2082 in
1719 2050 1802 2083 Celo
1836 2060 1938 2082 aureo

117 2115 269 2155 perpetui
307 2112 607 2152 Commendatarii‚
645 2113 821 2146 familiaris
846 2116 878 2146 et
903 2115 1105 2146 secretarius
1141 2124 1180 2146 ac
1217 2115 1473 2146 commissarius
1509 2117 1541 2145 et
1566 2116 1728 2145 executor
1753 2114 1794 2145 ad
1823 2114 1882 2144 hec
1908 2115 1939 2144 et

116 2177 182 2209 alia
207 2177 398 2217 specialiter
424 2177 607 2217 deputatus
633 2186 691 2217 per
716 2177 868 2208 eiusdem
906 2176 1192 2210 Reverendissimi
1234 2177 1360 2208 domini
1403 2175 1595 2208 Cardinalis
1621 2178 1776 2216 patentes
1803 2176 1939 2213 litteras,

118 2240 215 2271 datas
240 2238 425 2280 Caprarole
451 2239 515 2270 sub
541 2239 594 2270 die
621 2239 738 2270 ultimo
764 2239 907 2279 Augusti
935 2240 1088 2280 proxime
1114 2240 1258 2277 decursi,
1285 2248 1425 2279 quarum
1452 2240 1548 2270 tenor
1565 2239 1717 2278 sequitur
1735 2240 1766 2269 et
1784 2240 1834 2269 est
1852 2238 1939 2275 talis,

119 2301 277 2333 videlicet
293 2312 299 2332 :

208 2363 349 2396 Dilectis
375 2364 474 2395 nobis
500 2365 531 2395 in
558 2362 694 2396 Christo
721 2365 890 2395 universis
915 2367 947 2396 et
972 2364 1116 2404 singulis
1153 2364 1300 2395 dominis
1337 2361 1521 2395 Canonicis
1554 2361 1804 2394 Canonicorum
1832 2361 1941 2402 Regu-

120 2427 237 2458 larium
263 2427 368 2458 sancti
396 2425 575 2467 Augustini
603 2424 888 2467 Congregationis
925 2425 1170 2463 Lateranensis,
1207 2425 1285 2456 olim
1319 2425 1427 2456 taliter
1452 2424 1595 2465 qualiter
1621 2425 1651 2455 in
1679 2424 1883 2455 monasterio
1909 2425 1939 2454 et

125 2611 139 2630 il
155 2609 221 2631 Bossi
238 2610 273 2631 nel
288 2610 367 2631 secolo
389 2610 448 2631 XVll
464 2610 484 2630 la
500 2610 622 2630 trascrisse
645 2610 668 2630 r'n
688 2610 795 2635 porticus
817 2609 933 2634 planitie,
955 2614 1000 2634 qrra
1056 2608 1115 2633 degli
1133 2608 1264 2631 Eremitani,
1282 2609 1388 2633 protesta
1408 2608 1489 2628 contro
1512 2607 1669 2632 l'espulsione
1692 2607 1727 2627 dei
1751 2606 1802 2627 suoi
1825 2605 1934 2627 Canonici

124 2654 173 2675 itur
187 2654 219 2675 ad
236 2654 368 2675 sacrarium
384 2654 588 2680 augustinianum.
1050 2651 1108 2672 tatta
1124 2652 1137 2671 il
1153 2652 1234 2677 giorno
1251 2652 1356 2675 innanzi:
1373 2658 1384 2672 c
1400 2651 1460 2672 dalla
1476 2651 1641 2677 giurisdizione
1657 2651 1678 2671 di
1695 2651 1725 2671 lui
1737 2656 1802 2671 ceren
1814 2650 1931 2674 sottrnrsi,

178 2699 241 2720 Deve
256 2700 344 2719 notarsi
359 2700 400 2720 cite
416 2699 429 2719 il
446 2699 579 2724 protessore
595 2699 710 2719 Marchesi
727 2698 821 2719 dcttavi
838 2698 851 2718 il
867 2703 910 2718 suo
933 2699 1003 2718 testa-
1059 2696 1233 2717 diclilssrandolo
1248 2698 1366 2722 snspetto,
1382 2696 1436 2722 quia
1452 2702 1494 2717 vos
1520 2695 1616 2716 Domine
1632 2695 1716 2716 Antoni
1740 2695 1817 2715 inistis
1832 2697 1853 2715 et
1877 2695 1934 2715 estis

126 2745 212 2769 mento,
227 2743 327 2764 essendo
342 2745 470 2769 aggravato
483 2745 581 2769 propter
591 2744 686 2764 vulnera
698 2743 773 2769 ipsius
785 2743 919 2767 testrrtorts,
933 2742 1003 2767 ripor-
1058 2741 1179 2762 consultor
1203 2741 1358 2766 dominorum,
1376 2740 1461 2761 Prion-is
1477 2743 1498 2761 ct
1520 2741 1624 2761 Fratrum
1651 2740 1817 2760 Hercrnitarurn
1842 2739 1935 2759 Ordinis

125 2789 181 2812 tate,
197 2793 262 2808 come
277 2788 296 2808 ci
312 2788 392 2813 spiega
409 2788 560 2811 l'iscrizione,
573 2788 594 2808 in
606 2793 634 2808 un
650 2788 739 2808 assalto
751 2787 772 2807 di
784 2787 881 2807 ladroni.
893 2786 939 2806 Ora
950 2786 1002 2806 l'es-
1056 2785 1129 2806 sancti
1146 2785 1304 2810 Augustini,..‚
1320 2787 1342 2805 et
1358 2785 1416 2805 estis
1431 2784 1546 2805 dictorum
1569 2784 1715 2804 dominorum
1739 2784 1844 2804 Fratrum
1868 2783 1935 2803 Here-

126 2832 183 2853 sersi
198 2833 299 2858 apposta
315 2833 399 2858 questa
414 2832 516 2858 epigrate
534 2832 569 2853 sul
592 2832 714 2858 sepolcro¹
737 2832 755 2852 ci
778 2831 799 2851 ta
821 2836 936 2856 supporre
958 2830 1000 2851 che
1055 2829 1162 2850 mitarum
1179 2829 1323 2850 domesticus
1349 2828 1512 2850 commensalis
1528 2829 1549 2849 in
1565 2834 1645 2849 corum
1662 2828 1770 2849 domibus
1787 2828 1841 2848 dicti
1858 2833 1935 2847 mone-

126 2876 169 2902 egli
185 2876 247 2897 fosse
263 2878 395 2897 veramente
411 2878 486 2897 morto
501 2877 523 2896 in
538 2876 631 2901 seguito
646 2881 659 2896 a
675 2876 750 2901 quelle
766 2875 840 2900 terite,
865 2874 952 2900 eppero
968 2874 1003 2894 nel
1059 2874 1122 2894 sterii
1138 2873 1224 2894 stando
1239 2875 1261 2894 et
1278 2873 1404 2893 habitando
1420 2878 1471 2894 curn
1487 2873 1568 2898 eisquc
1590 2872 1734 2892 comedendo
1750 2874 1771 2892 ct
1789 2871 1889 2891 bibendo
1912 2873 1933 2891 ct

129 2921 192 2945 1509:
209 2926 253 2941 non
268 2921 304 2947 gia
319 2921 339 2941 ai
355 2921 368 2942 9
383 2921 475 2942 ottobre
491 2920 527 2941 del
545 2921 602 2943 1521,
618 2926 684 2941 cume
699 2920 846 2941 asseris-cono
859 2920 878 2939 le
889 2919 1001 2940 Memorre
1056 2924 1083 2938 ex
1105 2917 1267 2938 benevolentia
1290 2922 1358 2942 quam
1382 2917 1478 2937 invicem
1502 2916 1593 2936 habetis
1618 2916 1711 2936 nimium
1741 2915 1836 2940 diligitis
1858 2915 1935 2935 dictos

127 2971 139 2986 e
153 2965 203 2986 doc.
219 2965 257 2986 cit.
274 2965 349 2986 dietro
364 2965 384 2986 la
401 2965 550 2986 trascrizione
566 2965 602 2985 del
619 2964 694 2989 Bossi,
709 2965 751 2985 elie
766 2964 827 2985 torsc
852 2964 863 2984 e
885 2965 973 2984 errata.
1056 2962 1164 2983 dominos
1179 2962 1272 2982 Fratres
1288 2961 1450 2982 Hereniitnnos
1466 2962 1487 2981 et
1504 2960 1590 2981 eisdem
1616 2960 1693 2980 tui-stis
1715 2962 1737 2980 et
1760 2960 1818 2980 estis
1840 2959 1933 2979 nimium

184 3011 214 3033 (l)
230 3009 244 3030 ll
260 3009 341 3035 giorno
356 3011 476 3035 seguente,
498 3010 510 3030 7
525 3009 627 3034 ottobre‚
650 3009 663 3029 il
685 3008 804 3030 Canonieo
819 3008 923 3034 regolare
945 3007 996 3028 Don
1051 3007 1193 3028 favorabilis,
1211 3005 1332 3026 Domanda
1349 3005 1427 3031 quindi
1443 3005 1477 3025 sia
1494 3006 1602 3025 revocata
1624 3004 1797 3029 l'espulsione,
1820 3010 1832 3023 e
1854 3003 1872 3023 si
1895 3008 1935 3027 ap-

123 3053 229 3074 Timoteo
245 3053 273 3074 da
290 3053 368 3079 Pavia,
383 3053 419 3079 gia
444 3053 577 3079 presidente
593 3053 628 3073 del
644 3053 781 3074 Monastero
797 3052 818 3073 di
834 3051 857 3073 S.
880 3052 957 3073 Pietro
979 3052 1000 3072 in
1056 3051 1115 3076 pella
1131 3051 1151 3071 al
1168 3050 1231 3076 Papa
1247 3049 1276 3070 ed
1290 3050 1310 3070 al
1327 3049 1449 3070 Cnrdinale
1465 3048 1678 3070 Commendaiario,
1705 3048 1734 3068 La
1751 3049 1856 3073 protesta
1873 3047 1884 3067 ‘e
1900 3053 1935 3067 ro-

129 3097 177 3119 ciel
192 3097 214 3118 α’
224 3103 274 3123 oro,
288 3103 391 3124 apparso
406 3098 450 3119 alla
465 3103 578 3124 presenza
593 3097 615 3118 di
631 3097 732 3118 Antonio
756 3097 813 3118 Villa
829 3097 864 3118 nel
880 3095 1001 3118 Conventa
1057 3096 1110 3121 gata
1126 3095 1163 3115 dal
1180 3094 1259 3116 notaio
1274 3093 1369 3119 Giorgio
1386 3093 1477 3114 Andrea
1494 3092 1585 3114 Porzio.
