2305 3407
1964 207 2000 238 71

194 339 513 371 verendissimorum
540 338 570 369 in
597 335 734 370 Christo
759 339 889 378 patrum
915 340 946 369 et
971 338 1182 369 dominorum
1209 340 1324 370 sancte
1351 337 1499 371 Romane
1537 338 1683 370 Ecclesie
1720 337 1949 371 Cardinalium
1977 341 2007 371 in

193 402 435 442 presentiarum
462 400 647 432 Mediolani
673 400 950 431 commorantium
969 400 1027 438 (l),
1053 401 1177 432 tenoris
1204 400 1407 441 infrascripti
1435 401 1611 432 videlicet:

281 463 498 495 Miseratione
524 463 637 494 divina
664 462 836 503 Episcopi,
864 461 1056 499 Presbiteri,
1083 462 1234 500 Diaconi,
1260 464 1374 494 sancte
1402 462 1549 496 Romane
1565 462 1713 494 Ecclesie
1729 461 1939 499 Cardinales,
1960 473 2010 495 re-

194 527 351 558 verendis
375 528 406 557 et
430 525 576 567 egregiis
601 524 759 556 Patribus
785 524 926 563 Rectori,
952 524 1173 561 Cancellario,
1202 523 1632 566 Deputatis,Consiliariis,
1649 525 1825 565 Magistris
1839 528 1869 556 et
1885 524 2011 557 Docto-

194 589 286 620 ribus
311 588 396 620 alme
422 587 661 620 Universitatis
686 585 794 618 Studii
822 588 989 628 generalis
1016 588 1191 628 papiensis
1211 587 1352 619 salutem
1386 596 1460 618 cum
1488 587 1707 628 intelligentia
1728 588 1962 627 prosperitatis
1980 590 2011 619 et

194 650 387 682 directionis
413 649 560 681 Ecclesie
585 651 700 680 sancte
727 647 800 680 Dei.

281 712 392 751 Quum
418 711 612 752 frequentes
653 711 857 753 generalium
895 712 1115 743 conciliorum
1157 711 1413 749 celebrationes,
1455 713 1626 751 tamquam
1667 711 1806 743 flumina
1845 710 2012 748 Paradisi,

193 785 326 816 semper
351 774 411 806 Dei
439 762 623 806 Ecclesiam
650 775 878 815 purgaverint,
920 775 1131 816 irrigaverint
1157 776 1188 806 et
1213 774 1479 811 fecundaverint.
1506 774 1707 814 illorumque
1741 774 2012 805 intermissiones

193 838 334 870 tribulos
358 839 389 868 et
414 837 532 877 spinas
558 837 724 874 vitiorum,
751 837 1016 874 dissensionum,
1042 846 1188 868 errorum
1226 839 1258 868 et
1296 836 1458 868 bellorum
1497 837 1614 877 sepius
1652 836 1855 874 induxerint,
1894 836 2012 876 quales

195 901 294 932 hodie
319 900 551 941 gravissimas,
577 898 649 931 Deo
676 900 896 940 permittente,
923 900 1089 940 patimur:
1115 899 1269 931 effectum
1296 899 1373 930 inde
1399 901 1459 937 est,
1486 901 1519 930 ut
1546 899 1577 930 in
1605 899 1719 930 divina
1757 899 1812 930 illa
1846 896 2015 930 Constan-

193 963 291 994 tiensi
318 961 458 1003 Synodo
485 962 651 993 sancitum
679 962 720 993 sit
748 964 782 993 ut
807 962 940 993 decimo
966 970 1102 1002 quoque
1127 970 1215 993 anno
1242 962 1321 993 utile
1347 962 1525 993 concilium
1544 963 1816 1003 congregaretur.
1843 961 1876 992 ld
1903 962 2012 992 autem

193 1026 305 1056 animo
330 1024 545 1056 revolventes
585 1023 828 1056 Sanctissimus
869 1023 1035 1055 Dominus
1076 1024 1208 1061 Noster,
1250 1033 1310 1055 sue
1347 1025 1528 1056 creationis
1568 1026 1730 1064 tempore,
1756 1026 1787 1055 et
1813 1022 2014 1055 Cardinales

193 1096 310 1118 omnes
336 1087 367 1118 in
394 1085 558 1119 Conclavi
585 1087 771 1118 existentes
798 1087 985 1123 nobiscum,
1012 1086 1226 1117 iureiurando
1252 1088 1283 1117 et
1309 1086 1449 1118 solemni
1477 1088 1567 1123 voto,
1594 1088 1671 1126 post
1709 1086 1880 1117 biennium
1906 1086 1949 1117 ab
1975 1094 2014 1116 eo

194 1150 259 1187 die,
286 1149 441 1190 generale
468 1148 658 1181 Concilium
685 1158 872 1180 convocare
898 1151 1094 1180 statuerunt.
1122 1148 1172 1180 Ad
1199 1149 1290 1189 quod
1316 1149 1565 1189 exequendum,
1591 1149 1652 1180 etsi
1669 1147 1885 1180 Sanctitatern
1913 1147 2013 1180 Suam

194 1212 378 1252 aliquando
405 1211 578 1252 supplices
605 1212 723 1243 hortati
751 1212 868 1249 simus,
895 1211 974 1242 nihil
1002 1213 1111 1242 tamen
1139 1211 1300 1243 hactenus
1327 1211 1541 1252 profecimus.
1570 1211 1682 1252 Atqui,
1702 1212 1780 1251 quia
1799 1209 1866 1242 Sua
1885 1209 2017 1242 Sancti-

194 1276 260 1306 tate
285 1276 315 1306 et
341 1274 512 1305 nonnullis
537 1274 612 1305 aliis
639 1274 932 1305 reverendissimis
958 1272 1199 1305 Cardinalibus
1225 1274 1256 1305 id
1284 1274 1546 1314 negligentibus,
1574 1276 1604 1305 et
1637 1274 1808 1305 nonnullis
1833 1266 1952 1304 forsan
1973 1273 2013 1304 ad

196 1337 228 1368 id
255 1346 321 1368 non
348 1337 473 1374 liberis,
499 1338 694 1376 reputemus
720 1337 772 1367 ius
797 1345 895 1368 omne
921 1345 1122 1376 omnemque
1148 1338 1349 1376 potestatem
1377 1335 1519 1368 Concilii
1546 1336 1772 1377 congregandi
1791 1336 1833 1367 ad
1852 1344 1914 1366 nos
1940 1344 2016 1367 esse

196 1398 401 1436 devolutam,
428 1400 462 1429 ut
488 1400 566 1429 voto
592 1400 707 1429 nostro
734 1399 840 1429 iurato
866 1397 1143 1430 satisfaceremus
1162 1398 1382 1439 Ecclesieque
1402 1399 1524 1430 labenti
1544 1401 1807 1437 succurreretur,
1826 1397 2016 1430 Concilium

197 1461 309 1501 ipsum
335 1460 525 1492 faciendum
552 1469 666 1491 curare
692 1460 915 1492 decrevimus.
942 1459 1042 1498 Quod
1068 1469 1143 1491 cum
1171 1461 1201 1492 in
1229 1461 1355 1492 ditione
1393 1461 1554 1498 Ecclesie,
1593 1461 1648 1492 ubi
1677 1461 1818 1492 liberum
1845 1470 1883 1492 ac
1908 1462 2014 1491 tutum

197 1524 228 1554 id
254 1523 362 1554 facere
388 1532 453 1554 non
470 1522 587 1560 fuerat,
615 1523 766 1554 libertate
794 1523 897 1554 nostri
913 1524 998 1554 sacri
1015 1521 1154 1554 Ordinis
1169 1523 1349 1563 plurimum
1364 1532 1542 1563 oppressa,
1561 1532 1741 1564 procurare
1760 1532 1825 1554 non
1841 1523 2018 1558 audemus,

196 1586 227 1616 in
254 1585 488 1616 Lombardiam
516 1585 731 1623 secessimus,
759 1585 814 1616 ubi
842 1587 919 1625 post
956 1585 1092 1626 longum
1132 1587 1364 1625 maturumque
1391 1587 1541 1617 nostrum
1568 1587 1755 1623 tractatum,
1782 1585 2018 1625 plurimorum-

196 1656 260 1687 que
287 1647 391 1678 divini
418 1649 449 1678 et
476 1647 610 1678 humani
639 1648 720 1678 iuris
755 1647 936 1687 peritorum
963 1649 994 1678 et
1020 1648 1293 1679 doctissimorum
1335 1649 1481 1679 virorum
1523 1648 1675 1686 consilia,
1710 1648 1881 1679 voluntate
1908 1650 1938 1679 et
1964 1656 2019 1678 as-

197 1718 299 1741 sensu
326 1710 533 1741 serenissimi
560 1718 598 1741 ac
623 1710 844 1741 sacratissimi
871 1710 998 1741 domini
1025 1710 1250 1741 Maximiliani
1277 1710 1384 1742 ellecti
1412 1709 1639 1743 Romanorum
1660 1711 1871 1750 imperatoris
1887 1718 2019 1750 semper

201 1771 344 1813 Augusti
371 1774 401 1803 et
428 1771 686 1804 Cristianissimi
725 1772 851 1803 domini
891 1772 1051 1803 Ludovici
1091 1772 1293 1804 Francorum
1320 1772 1422 1813 Regis
1463 1773 1682 1809 serenissimi,
1709 1773 1763 1804 die
1790 1773 1921 1803 veneris
1948 1771 2018 1803 XVl

199 1835 367 1875 presentis
394 1835 520 1866 mensis
547 1835 635 1872 maii,
661 1834 790 1866 auxilio
817 1834 876 1866 Dei
904 1833 1156 1875 Omnipotentis
1182 1837 1212 1866 et
1238 1844 1298 1875 spe
1325 1835 1412 1867 bone
1438 1835 1633 1866 adherentie
1660 1835 1801 1866 aliorum
1829 1835 2019 1875 principum

196 1900 228 1929 et
252 1897 414 1935 fidelium,
441 1897 596 1938 generale
622 1897 801 1929 concilium
840 1898 1043 1929 universalis
1080 1898 1231 1930 Ecclesie
1272 1898 1458 1929 indiximus
1484 1900 1514 1929 et
1547 1898 1814 1929 convocavimus
1856 1897 2019 1928 Kalendis

195 1960 397 2000 septembris
437 1960 590 2000 proxime
630 1959 752 1991 futuris
793 1961 824 1991 in
858 1961 993 1992 civitate
1019 1960 1173 1992 Pisarum
1212 1961 1439 1992 inchoandum
1480 1961 1815 2000 continuandumque
1843 1969 1951 2000 usque
1976 1960 2018 1991 ad

195 2022 435 2053 deffinitionem
463 2023 549 2053 bone
575 2025 605 2053 et
631 2023 819 2054 constantis
857 2023 950 2063 pacis
988 2024 1071 2054 inter
1107 2022 1321 2056 Christianos
1348 2022 1522 2063 Principes
1561 2023 1635 2054 belli
1670 2023 1878 2054 sufficientes
1904 2025 2019 2054 contra

198 2084 361 2120 infideles,
389 2084 634 2115 reformationis
662 2083 811 2116 Ecclesie
838 2086 868 2116 in
895 2086 1004 2125 capite
1022 2087 1053 2116 et
1072 2085 1102 2116 in
1123 2086 1292 2123 membris,
1318 2086 1555 2125 extirpationis
1582 2086 1747 2122 heresum,
1766 2085 1961 2116 scismatum
1989 2087 2019 2115 et

271 2268 289 2287 t>
305 2267 311 2287 l
328 2267 443 2288 Cardinali
459 2269 608 2288 convocatori
624 2268 660 2288 del
676 2268 779 2289 Concilio
794 2270 875 2289 contro
898 2269 973 2289 Giulio
990 2269 1015 2293 ll,
1032 2268 1080 2293 tug-

202 2312 242 2337 giti
254 2312 282 2332 da
295 2311 364 2333 Roma
376 2318 387 2332 e
399 2312 521 2333 dirnoranti
534 2313 554 2332 in
567 2313 662 2337 Milano,
674 2313 756 2333 turono
768 2313 949 2334 eifettivainente
961 2314 1075 2339 Carvajal,

203 2356 334 2381 Briconnet,
352 2358 479 2378 Francesco
497 2357 587 2382 Borgia,
599 2358 612 2377 il
624 2358 651 2378 dc
669 2358 727 2382 Prie,
743 2357 897 2378 Sanscverino
913 2364 924 2378 c
941 2359 1040 2383 lppolito
1057 2358 1078 2378 111

204 2402 264 2422 Este.
283 2402 332 2422 Essi
349 2402 454 2422 citarono
470 2402 483 2422 il
501 2402 562 2427 Papa
579 2403 599 2422 al
616 2402 718 2423 Concilio
735 2408 776 2423 con
794 2409 822 2423 1111
845 2403 985 2423 documento
1001 2403 1036 2423 del
1055 2403 1078 2422 lt}

204 2447 294 2471 rnaggio
313 2447 368 2469 1511,
385 2447 426 2467 che
442 2447 455 2466 il
471 2447 497 2467 2⁸3
515 2447 606 2471 maggio
622 2446 644 2466 fu
656 2446 737 2467 affisso
749 2447 792 2467 alle
804 2449 870 2472 porte
882 2447 902 2467 111
915 2447 937 2467 S.
951 2447 1078 2467 Franccsco

203 2492 224 2510 111
241 2490 333 2516 Rimini,
350 2491 409 2511 dove
425 2491 438 2511 il
456 2491 517 2516 l’apa
535 2492 552 2511 si
570 2493 673 2511 trovava⁴
692 2491 705 2511 ll
722 2492 747 2511 23
764 2492 854 2515 marmio
871 2491 952 2511 turono
969 2491 1004 2511 dai
1024 2491 1077 2512 Car-

203 2535 271 2555 tlinali
287 2535 378 2561 §pedite
394 2536 475 2556 lettere
491 2536 584 2561 speciali
600 2536 620 2555 ai
638 2535 736 2560 Principi
759 2542 770 2555 e
786 2536 829 2555 alle
852 2535 998 2559 Universitit,
1021 2536 1077 2556 ecci-

202 2579 288 2600 tandoli
304 2586 316 2600 a
333 2580 440 2605 delegare
455 2581 475 2600 al
492 2580 602 2602 Concilio,
620 2581 660 2600 che
676 2581 693 2600 si
713 2580 811 2600 sarebbc
833 2582 915 2605 aperto
932 2580 953 2600 in
971 2580 1021 2600 Pisa
1038 2580 1051 2600 il
1070 2582 1075 2600 l

203 2625 336 2650 settembre,
352 2625 522 2645 ambasciadori
538 2630 549 2645 e
567 2624 658 2645 l'relati.
675 2625 731 2645 Vetti
749 2624 856 2649 PASTOR,
873 2624 953 2645 Storio
965 2625 1002 2645 ilci
1013 2624 1079 2650 Papi,

204 2669 247 2689 vol.
266 2669 300 2693 lll,
318 2675 369 2695 pag.
385 2670 425 2690 558
440 2675 451 2690 e
466 2670 513 2694 571,
537 2670 595 2689 υ1112Δ
619 2670 639 2689 111
664 2669 759 2694 Trento,
787 2669 843 2689 181111.

204 2713 281 2739 Pavia,
297 2714 408 2739 delegava
423 2713 456 2734 fra
472 2714 501 2739 gli
518 2714 569 2734 altri
586 2714 599 2734 il
615 2716 696 2734 nostro
712 2713 770 2734 irate
793 2714 941 2734 Bartolorneo
958 2714 1079 2734 valinacca

872 2669 894 2689 1:
906 2669 1032 2689 universim
1058 2669 1078 2689 111

203 2758 279 2784 spirita
294 2764 306 2779 a
322 2758 357 2779 cio
373 2758 433 2779 dalle
449 2759 562 2784 pressinni
579 2758 614 2779 dcl
630 2758 746 2782 Goverrm,
763 2758 862 2779 essendo
879 2758 970 2778 notorio
982 2759 1023 2779 che
1035 2764 1080 2778 nno

203 2803 238 2823 dei
255 2803 373 2829 principali
389 2803 474 2824 fautori
490 2803 548 2824 della
565 2804 684 2824 ribellione
700 2804 781 2823 contro
797 2803 873 2823 Giulio
885 2803 901 2823 ll
913 2809 950 2823 era
963 2803 1025 2828 Luigi
1039 2803 1075 2823 ΧΗ

203 2847 224 2868 di
241 2848 342 2872 Francia,
358 2848 450 2874 signore
466 2848 502 2869 del
519 2848 610 2869 Ducato
625 2848 646 2868 di
664 2848 758 2868 Milano.
777 2848 791 2868 ll
807 2847 920 2873 Concilio,
936 2853 949 2867 o
971 2847 1077 2868 concilia-

204 2892 265 2915 bolo,
281 2892 303 2913 iu
320 2893 489 2913 naturalmente
504 2892 652 2913 condannato
668 2893 696 2913 da
713 2892 789 2913 Giulio
801 2893 826 2917 ll,
840 2893 912 2918 prima
928 2898 970 2912 con
987 2897 1031 2912 una
1048 2892 1079 2912 111-

203 2937 347 2957 chiarazionc
363 2937 496 2962 pubblicata
513 2938 533 2958 111
550 2937 630 2959 Riinini
646 2939 727 2958 contro
744 2937 748 2957 i
765 2937 880 2958 Cardinali
897 2937 1030 2961 scismatici,
1043 2937 1079 2962 poi

203 2986 246 3002 con
262 2981 282 3001 la
298 2981 358 3002 bolla
373 2981 408 3002 del
427 2983 450 3003 15
464 2982 534 3007 luglio
552 2983 609 3007 1511,
625 2988 667 3002 con
683 2982 703 3002 la
720 2982 787 3007 quale
803 2982 889 3002 indissc
906 2987 934 3001 un
951 2987 1005 3001 vero
1021 2981 1079 3002 Con-

203 3025 255 3046 cilio
270 3026 402 3046 ecuruenico
418 3026 439 3046 in
457 3026 527 3047 Roma
543 3026 579 3052 pel
597 3027 620 3047 19
635 3027 707 3052 aprile
725 3027 781 3047 1512.
800 3027 829 3047 La
846 3026 937 3051 energia
958 3026 994 3046 dcl
1018 3025 1080 3051 Papa

203 3069 225 3090 iu
241 3070 295 3095 tale,
311 3070 351 3091 che
367 3070 566 3091 l'Arnbasciatore
582 3072 665 3092 veneto
681 3076 763 3096 presso
779 3071 800 3091 di
817 3071 847 3091 lui
863 3071 972 3094 (Sanum.
990 3070 1076 3094 Diarr'r',

1135 2269 1181 2293 ΧΗ,
1198 2269 1245 2292 2671
1261 2270 1346 2294 poteva
1362 2269 1462 2289 scrivere
1484 2269 1525 2289 che
1550 2268 1579 2288 fin
1596 2269 1632 2289 dai
1648 2269 1661 2289 3
1676 2269 1746 2293 lugllo
1775 2270 1821 2289 1511
1840 2269 1859 2289 la
1883 2274 1953 2289 causa
1978 2269 2013 2289 del

1132 2313 1236 2333 Concilio
1253 2313 1335 2338 pisano
1351 2319 1388 2333 era
1405 2314 1530 2338 spat-ciam.
1546 2313 1560 2333 ll
1572 2314 1632 2333 clero
1650 2313 1752 2337 italiano,
1769 2313 1826 2334 fatte
1843 2313 1959 2333 rarissime
1980 2319 2014 2333 ec-

1134 2358 1230 2381 cezioni,
1247 2357 1264 2377 51
1282 2359 1404 2377 inantenne
1420 2357 1493 2378 fedcle
1508 2358 1529 2377 al
1547 2357 1609 2382 l'apa
1630 2358 1758 2382 legittirno;
1782 2358 1786 2378 i
1803 2357 1918 2378 Cardinnli
1942 2358 2012 2378 ribelli

1133 2401 1215 2422 turono
1231 2402 1382 2422 scornunicati
1399 2408 1410 2422 e
1426 2402 1517 2427 deposti
1535 2402 1570 2422 nel
1591 2402 1729 2423 Concistoro
1754 2402 1790 2422 del
1815 2402 1840 2422 24
1865 2403 1974 2426 ottohre;
2000 2403 2013 2422 11

1133 2447 1240 2467 Cardinal
1260 2447 1340 2467 d'Este
1357 2447 1412 2472 pero
1428 2447 1494 2467 s'cra
1511 2446 1546 2472 gia
1563 2448 1716 2471 sottornesso,
1733 2447 1761 2467 ed
1778 2447 1790 2467 il
1810 2447 1878 2468 Carti.
1903 2447 2014 2467 Snusevc>

1134 2492 1182 2511 rino
1198 2491 1278 2511 s'ebbe
1294 2492 1313 2511 ln
1329 2491 1449 2511 conilanna
1466 2491 1637 2516 condizionata,
1654 2492 1702 2512 cio-L·
1719 2492 1774 2512 dato
1790 2492 1830 2512 chc
1856 2498 1899 2512 non
1916 2492 1933 2512 51
1951 2491 2013 2512 tossc

1133 2537 1284 2559 sottozriesso,
1302 2541 1336 2555 rna
1352 2536 1372 2555 ai
1388 2535 1522 2559 sogcnnaio
1538 2535 1573 2555 dcl
1592 2536 1641 2556 1512
1657 2535 1678 2556 fn
1691 2535 1888 2556 definitivarnente
1904 2536 2004 2561 deposto

1135 2581 1269 2605 L'npertura
1286 2580 1321 2601 del
1338 2580 1441 2601 Concilio
1457 2581 1474 2600 si
1487 2580 1583 2600 (lovette
1599 2582 1716 2606 111111111111Ἄ
1727 2581 1747 2600 al
1761 2581 1834 2606 primo
1846 2581 1866 2601 di
1879 2581 2012 2601 novembre

1136 2625 1227 2645 l³nrono
1244 2626 1322 2645 tenute
1339 2625 1359 2644 in
1377 2624 1428 2644 Pisa
1445 2626 1478 2645 tre
1494 2625 1592 2644 sessioni
1609 2625 1643 2645 111-1
1660 2625 1732 2650 giorni
1748 2625 1768 2649 5,
1784 2626 1795 2645 7
1811 2631 1822 2645 e
1841 2626 1864 2645 12
1879 2625 2012 2647 novernbrc2

1136 2670 1173 2694 poi
1191 2675 1230 2694 pur
1246 2669 1346 2689 tumulto
1363 2669 1383 2689 111
1401 2669 1488 2694 popolo
1504 2669 1521 2689 si
1546 2669 1641 2689 dovette
1664 2669 1781 2690 trasferire
1797 2669 1810 2689 il
1827 2670 1979 2690 conciliabolo
2001 2676 2012 2689 :i

1135 2713 1237 2737 Milano;
1254 2713 1313 2733 dove
1335 2714 1353 2733 si
1377 2714 1479 2739 riaperse
1502 2713 1515 2733 il
1538 2714 1549 2733 7
1573 2713 1696 2734 diceinbrc.
1720 2713 1905 2734 Gl'intcrvenuti
1930 2713 2012 2734 turono

1137 2758 1211 2783 pochi
1228 2757 1346 2781 (PASTOR,
1363 2763 1398 2783 ορ.
1416 2758 1454 2778 [11Δ
1471 2763 1523 2783 pag.
1539 2758 1586 2782 595,
1609 2763 1657 2783 seg.
1675 2775 1679 2778 .
1703 2758 1752 2778 Non
1770 2758 1781 2778 c
1800 2758 1912 2783 possibile
1935 2759 1975 2778 che
1998 2758 2011 2777 il

1131 2804 1212 2822 nostro
1228 2801 1286 2822 frate
1303 2802 1452 2822 Bartolornco
1467 2802 1536 2822 abbia
1553 2808 1621 2827 prcso
1638 2804 1703 2828 parte
1714 2802 1735 2822 al
1747 2802 1914 2826 Conciliaholo;
1928 2803 2011 2828 perch(=

1132 2847 1168 2867 dai
1185 2847 1257 2867 nostri
1273 2846 1406 2867 documenti
1422 2846 1503 2867 risnlta
1519 2847 1560 2867 che
1575 2847 1618 2872 egli
1635 2852 1646 2867 e
1662 2847 1817 2867 nell'ottobre
1834 2852 1845 2867 c
1861 2847 1896 2867 nel
1919 2853 2011 2868 noveni-

1135 2892 1174 2911 brc
1190 2897 1201 2911 e
1217 2891 1412 2916 posteriorrnente
1427 2891 1445 2911 si
1468 2893 1565 2912 trovava
1588 2893 1696 2917 presente
1712 2891 1733 2912 in
1750 2891 1820 2912 inodo
1842 2892 1945 2916 regolare
1967 2892 2010 2912 alle

1135 2935 1217 2955 sedute
1242 2935 1362 2960 capitolari
1379 2935 1400 2955 111
1417 2935 1438 2956 S.
1457 2936 1569 2960 Agostino
1585 2936 1605 2955 in
1623 2935 1701 2960 Pavia,
1717 2941 1729 2956 e
1745 2941 1789 2955 non
1811 2941 1849 2956 era
1872 2935 1959 2961 colpito
1981 2936 2008 2955 da

1132 2980 1214 3000 alcuna
1230 2985 1335 3005 censura,
1351 2985 1416 3000 corne
1431 2980 1529 3001 sarcbbe
1544 2982 1662 3001 avvcnuto
1677 2986 1702 3001 se
1717 2980 1738 3000 al
1754 2980 1912 3001 Conciliaholo
1927 2986 2009 3000 avcsse

1137 3030 1205 3050 preso
1222 3026 1295 3049 parte⁴
