2305 3407
307 174 374 206 264

306 316 453 348 quoque,
481 306 621 338 indultis
646 308 677 338 et
704 306 821 348 litteris
845 305 1055 346 apostolicis,
1081 305 1147 337 illis
1173 305 1372 345 illorumque
1398 304 1632 345 superioribus
1657 304 1721 336 sub
1747 304 1928 344 quibusvis
1946 303 2124 335 verborum

305 369 432 407 formis,
458 369 557 407 datis,
583 369 757 401 concessis
781 371 812 400 et
837 369 1043 400 confirmatis
1061 371 1092 399 et
1110 369 1208 400 etiam
1235 368 1362 400 iteratis
1388 367 1521 399 vicibus
1543 367 1724 404 innovatis,
1742 367 1840 398 etiam
1867 366 1961 398 Mare
1987 366 2125 408 Magno,

305 431 401 463 Bulla
428 431 538 463 Aurea
565 432 616 463 vel
643 432 728 463 alias
754 432 966 471 nuncupatis,
993 431 1119 471 quibus
1145 431 1304 462 omnibus
1342 431 1541 471 illorumque
1567 431 1741 462 tenoribus
1766 439 1804 462 ac
1829 430 1857 461 si
1883 430 1924 462 de
1951 430 2055 461 verbo
2082 430 2124 461 ad

306 494 445 525 verbum
473 494 696 525 insererentur
723 493 947 533 presentibus,
986 502 1046 533 pro
1083 493 1180 532 plene
1217 495 1247 524 et
1284 492 1489 524 sufficienter
1521 493 1698 533 expressis
1723 492 1838 523 haberi
1865 492 2033 528 volumus,
2060 492 2125 523 illis

302 556 388 588 alias
414 557 444 587 in
471 565 534 588 suo
561 557 680 587 robore
707 555 947 596 permansuris,
975 555 1035 585 hac
1062 555 1135 586 vice
1162 555 1348 592 dumtaxat,
1364 554 1555 594 specialiter
1580 556 1611 585 et
1636 563 1799 595 expresse
1825 555 2045 595 derogamus,
2071 564 2126 586 ce-

303 619 452 658 terisque
489 617 667 649 contrariis
704 617 990 657 quibuscumque.
1029 614 1104 647 Dat.
1144 615 1256 653 Rome,
1293 617 1385 656 apud
1423 619 1575 648 sanctum
1617 616 1762 655 Petrum,
1800 617 1865 648 sub
1890 617 2002 657 sigillo
2028 616 2124 649 offitii

304 679 551 717 Penitentiarie,
578 679 730 711 secundo
766 676 817 718 (l)
855 687 963 710 nonas
1000 678 1160 716 octobris,
1198 677 1418 710 Pontificatus
1455 679 1659 710 sanctissimi
1694 678 1828 710 Domini
1855 677 1990 710 Domini
2028 678 2123 711 Pauli

304 741 396 783 Pape
422 742 530 783 quarti
557 751 646 773 anno
672 743 802 781 quarto.

1096 941 1337 982 CMLXI.

394 1052 500 1080 Frate
527 1052 648 1080 Marco
675 1051 770 1079 Galli
795 1050 984 1079 Marabelli
1017 1051 1062 1079 da
1094 1051 1234 1079 Barona
1262 1051 1394 1079 rientra
1423 1051 1478 1079 nel
1509 1051 1691 1079 Convento
1721 1051 1756 1079 di
1785 1051 1819 1079 S.
1850 1050 2035 1086 Agostino.

944 1173 1102 1204 1638,
1134 1174 1381 1204 ottol)re‚
1414 1173 1488 1197 21.

867 1261 947 1282 (Arch.
964 1261 1046 1282 Notat.
1063 1261 1085 1282 di
1102 1260 1173 1282 Pavia
1188 1272 1214 1274 —
1230 1261 1279 1282 Atti
1295 1261 1316 1281 di
1333 1260 1458 1282 Guniforto
1473 1260 1565 1285 Scotti).

409 1447 456 1562 Ι
551 1465 574 1490 Ν
599 1460 733 1491 civitate
760 1458 876 1500 Papie,
903 1459 1058 1490 videlint
1084 1459 1115 1490 in
1141 1467 1272 1490 camera
1309 1467 1442 1490 annexa
1480 1459 1562 1490 salle
1588 1459 1769 1491 residentie
1807 1459 2009 1500 infrascripti
2037 1468 2129 1492 reve-

574 1523 664 1554 rendi
703 1523 828 1553 domini
868 1521 1004 1559 Prioris,
1042 1522 1106 1553 sita
1144 1522 1175 1553 in
1214 1522 1419 1553 monasterio
1445 1522 1552 1553 sancti
1591 1521 1769 1563 Augustini
1798 1521 1934 1563 Papie...
1960 1520 2046 1554 Cum
2084 1523 2127 1554 sit

572 1586 663 1626 quod
690 1585 894 1617 venerabilis
920 1586 1079 1617 dominus
1116 1584 1218 1616 frater
1244 1584 1405 1616 Marchus
1430 1585 1471 1616 de
1498 1583 1607 1617 Gallis
1632 1585 1743 1616 dictus
1769 1585 1809 1616 de
1836 1585 2044 1623 Marabellis,
2064 1585 2126 1617 loci

305 1648 446 1685 Barone,
472 1647 667 1689 Campanee
693 1649 837 1679 subtane
879 1647 994 1688 PapIe,
1035 1648 1120 1679 alias
1160 1647 1275 1679 fecerit
1315 1647 1564 1687 professionem
1592 1648 1623 1678 in
1649 1648 1882 1689 suprascripto
1922 1648 2127 1679 monasterio

305 1712 410 1743 sancti
438 1711 630 1752 Augustini,
656 1710 796 1743 Ordinis
823 1711 1065 1742 Heremitarum
1092 1711 1244 1742 eiusdem
1282 1710 1400 1747 sancti,
1438 1712 1468 1741 et
1505 1710 1628 1741 exinde
1654 1712 1731 1750 post
1757 1711 1891 1750 aliquos
1916 1719 2035 1748 annos,
2061 1712 2126 1742 tam

304 1774 345 1805 de
372 1774 504 1805 licentia
530 1772 624 1805 SSmi
652 1773 785 1804 Domini
813 1774 916 1804 nostri
936 1772 1037 1813 Rape,
1059 1781 1159 1813 quam
1179 1771 1397 1812 Superiorum
1418 1772 1495 1803 dieti
1511 1773 1716 1810 monasterii,
1736 1773 1936 1804 habitaverit
1954 1775 1985 1804 et
2005 1772 2130 1804 habitet

305 1839 400 1868 extra
427 1837 550 1868 dictum
578 1837 818 1867 monasterium
846 1837 876 1867 in
904 1836 1019 1867 habitu
1047 1835 1222 1876 presbiteri
1250 1835 1436 1873 secularis;
1455 1835 1566 1875 sitque
1592 1837 1690 1866 etiam
1718 1844 1831 1866 verum
1859 1835 1950 1875 quod
1977 1835 2131 1875 superio-

306 1899 399 1930 ribus
423 1899 545 1930 diebus
571 1899 740 1939 publicate
766 1898 888 1929 fuerint
914 1898 1003 1929 bulle
1029 1897 1217 1938 apostolice
1255 1897 1345 1937 quod
1380 1906 1498 1928 omnes
1525 1898 1674 1937 religiosi
1701 1897 1847 1938 professi
1874 1897 1905 1928 in
1931 1897 2045 1937 aliqua
2071 1896 2132 1930 Re—

306 1961 439 2001 ligione,
467 1961 658 1992 habitantes
684 1962 778 1992 extra
805 1961 1020 1997 monasteria,
1047 1960 1166 1991 reverti
1193 1962 1367 1991 teneantur
1392 1960 1434 1991 ad
1461 1969 1573 1991 eorum
1616 1959 1824 2000 Religionem
1852 1960 1882 1990 in
1910 1968 1976 2000 qua
2002 1958 2132 2000 profes-

308 2025 437 2055 sionem
464 2023 636 2055 fecerunt:
664 2023 703 2054 Et
729 2025 907 2064 propterea
933 2023 1052 2054 volens
1079 2022 1229 2063 prefatus
1248 2022 1408 2053 dominus
1432 2021 1532 2053 frater
1558 2022 1707 2059 Marcus,
1734 2024 1904 2062 tamquam
1933 2022 2022 2053 filius
2047 2021 2127 2053 obe-

306 2087 441 2123 dientie,
468 2087 587 2117 reverti
614 2086 656 2117 ad
683 2086 806 2117 dictam
835 2085 1041 2126 Religionem
1061 2085 1165 2115 sancti
1186 2083 1366 2125 Augustini
1394 2084 1424 2114 in
1445 2092 1510 2124 qua
1526 2083 1705 2124 professus
1732 2086 1792 2122 est,
1819 2084 1896 2115 ideo
1915 2084 1959 2115 ibi
1979 2091 2129 2124 presens,

307 2149 338 2179 in
365 2149 599 2188 exequucione
626 2148 711 2179 dicte
738 2148 837 2185 bulle,
864 2150 996 2188 sponte,
1036 2147 1241 2178 constitutus
1277 2155 1388 2177 coram
1431 2147 1617 2177 reverendo
1644 2155 1737 2177 sacre
1774 2146 1943 2187 theologie
1970 2146 2130 2187 magistro

308 2209 347 2241 D.
375 2210 556 2241 Fortunato
583 2210 623 2240 de
649 2208 826 2242 Ceredano
865 2208 978 2240 Priore
1014 2209 1092 2240 dicti
1132 2209 1324 2240 monasterii
1351 2210 1382 2240 et
1407 2211 1595 2240 conventus
1621 2209 1727 2240 sancti
1766 2208 1944 2249 Augustini
1979 2208 2130 2248 predicti,

307 2273 363 2313 qui
391 2273 483 2313 petiit
509 2275 540 2303 et
566 2273 646 2312 petit
672 2273 716 2303 ab
741 2281 780 2303 eo
807 2281 876 2303 se...
903 2273 933 2302 in
961 2272 1085 2303 dictam
1113 2270 1321 2311 Religionem
1348 2274 1378 2302 et
1405 2271 1642 2302 monasterium
1678 2271 1874 2311 predictum,
1901 2271 1932 2301 in
1958 2279 2026 2310 quo
2051 2269 2132 2301 fecit

309 2334 566 2375 professionem,
592 2335 759 2374 acceptari
786 2337 816 2365 et
843 2334 954 2374 recipi,
981 2336 1109 2365 attento
1135 2334 1227 2373 quod
1255 2334 1286 2364 in
1313 2334 1387 2374 ipsa
1414 2333 1586 2373 Religione
1624 2336 1712 2364 stare
1749 2336 1780 2364 et
1817 2341 2035 2373 perseverare
2060 2332 2131 2363 vult

307 2400 337 2428 et
365 2397 516 2434 intendit,
543 2397 775 2428 confirmando
803 2395 1051 2436 professionem
1079 2396 1142 2426 iam
1169 2395 1303 2433 factam,
1336 2396 1480 2427 offerens
1500 2396 1530 2426 in
1550 2405 1587 2427 ea
1606 2396 1719 2426 vivere
1738 2398 1768 2426 et
1795 2395 1876 2426 mori
1904 2395 1934 2426 in
1961 2395 2130 2432 omnibus,

309 2462 406 2499 prout
433 2459 609 2499 requiritur
636 2459 728 2489 iuxta
754 2458 894 2489 formam
915 2458 1071 2488 ordinum
1097 2460 1128 2488 et
1154 2457 1432 2488 constitutionum
1459 2457 1546 2488 dicte
1588 2455 1806 2497 Religionis...
1832 2454 1944 2493 Quare
1982 2455 2132 2496 prefatus

309 2521 516 2551 reverendus
543 2519 581 2551 D.
609 2519 712 2557 Prior,
739 2521 823 2551 visis
849 2523 879 2551 et
905 2520 1031 2551 auditis
1069 2519 1240 2560 predictis,
1267 2528 1414 2559 sequens
1447 2519 1587 2550 formam
1615 2519 1776 2550 dictarum
1803 2518 1968 2549 bullarum
1994 2519 2133 2558 aposto-

310 2582 459 2619 licarum,
485 2584 515 2613 et
541 2583 631 2613 omni
660 2583 739 2619 iure,
766 2585 797 2614 et
823 2585 949 2613 attento
975 2582 1073 2613 etiam
1101 2581 1193 2622 quod
1232 2581 1374 2612 ecclesia
1417 2589 1599 2621 numquam
1637 2580 1763 2612 claudit
1803 2580 1964 2621 gremium
1991 2579 2134 2611 redeun-

311 2644 411 2681 tibus,
438 2645 548 2684 ipsum
576 2643 615 2675 D.
642 2644 775 2676 fratrem
814 2644 964 2676 Marcum
1007 2647 1197 2684 presentem
1239 2646 1269 2674 et
1309 2652 1421 2674 coram
1447 2652 1487 2674 eo
1512 2643 1657 2683 genibus
1693 2643 1792 2674 flexis
1832 2642 2068 2680 exhistentem,
2100 2642 2132 2672 in

311 2706 436 2737 dictum
475 2707 714 2737 monasterium
752 2709 782 2738 et
820 2709 1036 2738 memoratam
1075 2705 1282 2747 Religionem
1309 2706 1499 2746 acceptavit
1525 2707 1555 2736 et
1580 2706 1743 2745 acceptat,
1772 2713 1917 2744 eumque
1943 2703 2073 2735 cuculla
2102 2706 2133 2735 et

312 2768 466 2799 vestibus
504 2769 581 2799 dicti
619 2767 758 2800 Ordinis
796 2769 913 2805 induit,
950 2769 1051 2800 dietis
1088 2769 1182 2809 prius
1208 2770 1239 2799 et
1266 2769 1407 2808 prolatis
1432 2768 1547 2799 verbis
1584 2767 1693 2798 solitis
1718 2768 1749 2798 et
1774 2767 1864 2807 aptis
1889 2775 1927 2798 ac
1953 2766 2078 2798 debitis
2102 2768 2133 2797 et

369 2926 399 2947 (1λ
414 2924 502 2949 Questa
527 2925 620 2945 insolita
642 2925 792 2950 espressione
814 2925 825 2946 e
848 2924 910 2945 losse
927 2930 955 2945 un
971 2930 1050 2945 errore
1065 2924 1086 2945 di
1104 2924 1195 2945 trascri-
1251 2923 1330 2948 Curia)
1354 2925 1374 2945 la
1398 2924 1453 2945 dam
1478 2924 1499 2944 di
1525 2926 1610 2950 questo
1634 2924 1776 2944 documento
1798 2924 1810 2944 ὸ
1832 2929 1941 2949 espressa
1958 2923 2023 2944 cosi:
2048 2923 2129 2944 datum

318 2969 384 2989 zione
399 2969 420 2989 di
437 2971 522 2994 questa
544 2969 611 2994 copia
634 2969 750 2993 sincrona,
767 2969 787 2989 di
805 2969 840 2990 cui
856 2969 875 2990 ci
891 2969 1015 2990 seri-inmo.
1038 2969 1114 2990 lutatii
1130 2969 1152 2989 in
1169 2975 1198 2989 un
1254 2969 1327 2991 Rome
1348 2975 1410 2990 nono
1433 2969 1545 2994 octobris,
1562 2968 1722 2994 I'ontificafus
1744 2970 1788 2990 ete.
1805 2968 1847 2990 Noi
1862 2969 1971 2989 abbiamo
1995 2968 2094 2989 iasciato
2109 2967 2130 2988 la

317 3014 368 3033 atto
384 3013 405 3033 di
423 3013 602 3038 presentazione
624 3013 645 3033 di
668 3013 762 3039 allegati
784 3013 859 3035 runito
874 3013 895 3033 al
911 3013 1023 3034 fascic-olo
1045 3013 1118 3034 citato
1140 3013 1200 3034 della
1256 3013 1310 3034 data
1326 3013 1362 3034 del
1377 3013 1390 3035 6
1405 3013 1507 3038 enotare,
1519 3018 1584 3034 corne
1600 3013 1612 3033 ὲ
1627 3013 1663 3034 nel
1678 3012 1819 3034 documento
1835 3013 1876 3033 che
1892 3011 2016 3034 riferiamo.
