2305 3407
256 127 320 159 290

257 259 384 290 mensis
409 257 613 298 septembris
637 256 715 288 anni
745 255 828 288 1559
852 253 1058 294 subscriptis
1082 255 1113 284 et
1138 252 1296 293 sigillatis
1321 251 1434 292 sigillo
1452 251 1603 283 solit0...
1630 249 1748 291 Sitque
1774 259 1889 282 verum
1915 251 2008 291 quod
2034 251 2075 283 de

256 330 344 353 anno
382 320 464 352 1560
499 321 531 350 et
559 319 613 350 die
651 319 687 350 15
721 317 878 349 februarii
917 315 1068 356 prefatus
1106 314 1314 346 reverendus
1350 313 1510 345 dominus
1543 312 1643 344 frain
1679 311 1912 345 Christoforus
1950 313 2077 346 litteras

256 382 428 423 scripserit
460 380 645 412 reverendo
682 383 713 411 et
739 378 924 410 venerabili
951 377 1090 408 domino
1127 376 1289 417 magistro
1314 374 1475 408 Cornelio
1513 373 1710 406 Placentino
1747 373 1852 406 Priori
1891 378 2079 408 conventus

257 445 362 477 sancti
390 443 522 484 Angeli,
548 451 608 474 nec
635 451 699 473 non
726 444 757 473 et
783 440 968 473 reverendo
987 442 1017 471 et
1037 438 1220 470 venerabili
1240 438 1379 469 domino
1398 438 1559 477 magistro
1579 437 1751 468 Micltaelli
1770 437 1811 468 de
1831 435 1958 477 Sagillo
1973 436 2078 470 Priori

258 508 447 539 conventus
471 505 577 536 sancti
606 504 785 544 Augustini
813 502 952 544 Papie...
978 500 1095 541 Sitque
1122 509 1236 532 verum
1264 500 1356 540 quod
1376 499 1550 540 predictus
1568 499 1728 530 dominus
1746 498 1845 530 frater
1860 499 2014 532 Andreas
2039 501 2082 532 ab

261 570 324 600 hoc
351 568 466 600 seculo
493 567 689 604 decesserit,
716 566 759 597 ita
786 565 878 606 quod
904 573 1014 596 coram
1043 562 1222 603 magnifico
1247 565 1378 603 pretore
1405 561 1530 595 Laude.
1551 570 1592 592 ex
1613 561 1714 592 late.e
1733 561 1869 592 domine
1888 560 2082 594 Pantasilee

260 633 291 663 et
307 631 446 663 aliarum
473 638 625 661 sororum
653 629 692 660 de
711 627 865 659 Danetiis
884 627 1080 658 intentatum
1099 625 1197 665 tuerit
1223 625 1383 656 iudicium
1410 624 1450 655 de
1476 632 1564 655 anno
1591 624 1742 664 predicto
1760 626 1791 655 et
1817 624 1870 655 die
1887 624 1907 655 4
1925 625 2085 662 octobris,

260 696 376 725 contra
403 692 590 732 predictum
619 691 792 722 dominum
820 688 976 720 lacobum
1005 687 1188 719 Antonium
1215 687 1255 718 de
1281 685 1457 719 Galleanis
1483 694 1586 726 super
1612 685 1820 717 relaxatione
1847 686 1999 726 ipsorum
2027 686 2088 717 bo-

263 764 380 787 norum
408 764 466 795 per
491 763 566 785 eum
592 755 780 793 emptorum
809 754 842 782 ut
868 760 970 791 supra
995 748 1131 790 (perche
1155 758 1219 781 non
1245 757 1284 779 [η’
1301 756 1406 779 aveva
1423 756 1545 779 ancoru
1567 749 1696 788 pagato
1721 747 1745 778 il
1756 756 1879 788 prezzo
1905 748 2018 785 iniero,
2036 756 2090 779 ma

263 819 294 849 ιἰι
316 816 434 858 parte).
461 815 578 856 Sitque
605 824 720 846 verum
747 814 873 854 quod...
901 812 996 844 Prior
1021 814 1051 843 et
1077 811 1196 843 fratres
1223 810 1417 842 monasterii
1443 810 1512 840 divi
1540 808 1720 850 Augustini
1748 809 1896 850 Papie....
1924 811 2090 851 petierunt

263 884 294 912 et
321 879 575 919 interpellarunt
594 877 780 918 predictum
801 876 974 907 dominum
993 874 1151 906 Iacobum
1180 872 1362 904 Antonium
1382 874 1415 902 ut
1434 871 1526 903 vellit
1544 871 1671 902 eisdem
1690 872 1876 903 exbursare
1896 872 1970 903 illas
1989 872 2092 903 libras

265 942 353 974 mille
380 941 515 981 triginta
541 941 692 980 quinque
719 938 914 979 imperiales
940 937 981 968 de
1015 936 1141 977 quibus
1168 936 1241 975 ipse
1274 934 1334 965 fuit
1360 936 1392 965 et
1417 935 1467 964 est
1492 933 1670 964 debitor....
1697 931 1814 973 Sitque
1851 942 1966 965 verum
2000 933 2092 974 quod

266 1004 418 1046 prefatus
442 1003 602 1034 dominus
629 1001 774 1033 lacobus
801 1000 969 1032 Antonius
983 999 1105 1030 dixerit
1125 1007 1160 1029 se
1185 999 1379 1029 contentum
1406 996 1515 1027 dictas
1535 996 1698 1036 pecunias
1713 996 1898 1028 exbursare
1919 997 2020 1028 modo
2038 997 2095 1029 fiat

270 1070 303 1098 ut
330 1066 425 1103 infra,
453 1065 528 1097 ideo
554 1064 717 1096 raciunato
750 1063 774 1095 il
797 1062 941 1104 capitolo
976 1061 1011 1093 cii
1035 1060 1066 1094 S.
1094 1061 1265 1100 Agosti'no,
1293 1059 1333 1090 de
1361 1058 1519 1090 mandato
1553 1058 1727 1089 reverendi
1754 1059 1881 1089 domini
1921 1058 2028 1090 Fulvii
2056 1059 2097 1091 de

268 1130 386 1161 Monte
413 1128 549 1160 Fortino
576 1126 714 1163 prioris,
740 1127 771 1158 1'11
798 1126 851 1157 cui
874 1133 974 1156 erano
999 1123 1103 1155 anche
1128 1122 1231 1154 irater
1257 1121 1460 1153 Fortunatus
1479 1121 1520 1152 de
1548 1119 1664 1161 Papia,
1682 1120 1783 1152 frater
1801 1121 1962 1162 magister
1980 1120 2096 1153 Domi-

268 1193 365 1223 nicus
392 1192 432 1222 de
460 1191 580 1227 Firmo,
601 1190 760 1229 magister
786 1188 829 1219 lo.
857 1187 1024 1219 Antonius
1049 1186 1090 1217 de
1117 1185 1233 1226 Papia,
1253 1184 1352 1215 frater
1377 1182 1537 1224 Orpheus
1555 1183 1596 1215 de
1615 1182 1732 1224 Papia,
1747 1183 1848 1215 frater
1873 1183 1915 1215 10.
1933 1183 2099 1216 Antonius

274 1255 313 1285 de
342 1253 457 1294 Papia.
488 1252 588 1284 trater
614 1251 779 1283 Nicolaus
805 1250 845 1281 de
872 1249 993 1290 Papia,>
1016 1251 1116 1280 irater
1130 1246 1307 1279 Dionisius
1340 1247 1382 1278 de
1409 1245 1574 1283 Bononia,
1600 1244 1702 1277 frater
1728 1245 1771 1277 lo.
1798 1245 2010 1287 Augustinus
2036 1244 2101 1278 Ce-

272 1325 383 1352 senas,
412 1316 511 1346 trater
538 1314 680 1355 Egidius
707 1313 747 1344 de
773 1311 920 1345 Civitate
948 1320 1046 1349 nova,
1065 1310 1166 1342 frater
1191 1309 1331 1341 Marcus
1356 1308 1397 1339 de
1424 1307 1541 1348 Papia,
1560 1307 1661 1339 irater
1680 1307 1891 1349 Augustinus
1918 1309 1958 1340 de
1984 1307 2102 1349 Papia,

269 1379 369 1410 trater
395 1377 636 1419 Sigismondus
662 1376 702 1407 de
723 1375 840 1416 Papia,
858 1374 959 1406 frater
985 1373 1131 1405 Michael
1148 1371 1299 1413 Angelus
1317 1371 1358 1402 de
1377 1369 1494 1410 Papia,
1514 1370 1614 1401 trater
1634 1369 1676 1401 lo.
1692 1370 1861 1402 Antonius
1879 1369 2104 1407 Castelacius‚

274 1441 374 1472 trater
399 1440 604 1472 Benedictus
624 1438 907 1475 Mediolanensis‚
922 1437 1022 1468 trater
1042 1435 1177 1469 Rocltus
1203 1434 1244 1465 de
1271 1433 1388 1474 Papia,
1408 1432 1507 1464 frater
1527 1432 1673 1464 Michael
1701 1432 1854 1473 Angelus
1880 1433 1920 1464 de
1939 1432 2103 1471 Bononia,

272 1504 373 1535 irater
400 1503 443 1534 l‹›.
470 1502 625 1542 Baptista
652 1502 692 1533 de
720 1500 837 1541 Papia,
864 1499 964 1531 frater
990 1499 1186 1530 Ludovicus
1211 1496 1252 1527 de
1282 1495 1454 1527 Placentia
1488 1497 1519 1526 et
1544 1494 1647 1526 frater
1679 1493 1890 1535 Sperandius
1915 1495 1956 1526 de
1991 1494 2102 1533 lanua,

273 1565 331 1606 piri
357 1565 391 1596 cit·
415 1565 477 1596 dne
502 1564 583 1595 serzi
606 1563 659 1594 del
684 1561 837 1603 capitolo,
863 1562 894 1593 si
917 1561 1061 1600 transige
1086 1559 1138 1591 col
1164 1557 1322 1591 Galleam'
1345 1558 1376 1589 in
1402 1557 1500 1589 modo
1526 1557 1584 1588 che
1610 1558 1719 1597 questi
1743 1566 1763 1588 a
1788 1557 1959 1589 soluzione
1984 1557 2106 1597 ci'ogm'

272 1637 332 1659 suo
358 1627 466 1658 debito
489 1634 582 1666 paga
608 1625 640 1656 L.
667 1625 740 1659 609,
760 1633 776 1655 e
802 1625 812 1655 ι’
830 1623 914 1664 frati
938 1623 968 1654 lo
994 1622 1187 1654 dr'cln’arano
1213 1620 1329 1652 sciolto
1355 1620 1398 1651 dci
1416 1621 1498 1659 ogni
1521 1620 1630 1652 debito
1656 1629 1672 1651 e
1697 1620 1748 1659 gli
1771 1622 1978 1660 promettono
1996 1618 2103 1659 difesa

272 1699 307 1721 se
333 1689 361 1720 le
386 1688 503 1719 sot-elle
529 1687 658 1719 Danesi'
682 1687 939 1718 continueramo
965 1685 1018 1716 nel
1039 1692 1196 1725 processo
1222 1684 1332 1714 contro
1359 1682 1393 1713 cii
1417 1682 1464 1713 lm·
1475 1691 1536 1722 per
1551 1683 1815 1714 rivendr‘caziwze
1833 1682 1920 1713 della
1934 1681 2101 1722 proprietc'z

281 1752 315 1783 cii
339 1751 419 1782 <letti
444 1750 528 1781 beni.

280 1908 351 1928 trater
374 1906 536 1932 Sieisinondus
559 1906 586 1926 de
603 1906 683 1931 Papia,
699 1905 770 1925 trater
793 1905 891 1925 Micliael
908 1904 1010 1929 Angelus
1031 1904 1058 1924 tle
1080 1903 1161 1929 Papia.

281 1953 351 1973 irater
359 1951 499 1973 Benedictus
508 1949 773 1975 Mcdiolatierisis,frater
781 1949 880 1970 Micltael
890 1949 992 1975 Angelus
1001 1948 1163 1973 Bononiensis,

281 1997 351 2018 trater
367 1997 480 2017 lohannes
501 1995 616 2016 Antonius
638 1994 792 2019 Castelacius,
809 1993 879 2014 irater
900 1994 1016 2014 Eusebius
1032 1993 1167 2017 l'atavinus,

281 2042 352 2063 irater
361 2041 433 2062 Cesar
444 2040 593 2065 Veronensis,
605 2039 677 2060 trater
689 2039 836 2060 Hieronimus
853 2038 982 2063 Firmanus,
998 2037 1069 2058 irater
1087 2038 1167 2058 lolian-

283 2093 323 2107 nes
340 2086 446 2111 Baptista
463 2085 490 2105 de
507 2084 587 2110 Papia,
603 2084 674 2104 trater
690 2084 801 2104 Nicolaus
817 2083 845 2104 de
861 2082 1080 2108 Monticulo,lrater
1093 2082 1167 2103 Ludo-

283 2131 348 2151 vicus
365 2130 514 2151 Placentinus
529 2131 551 2150 et
563 2129 634 2150 irater
646 2128 750 2149 Andreas
762 2128 790 2149 de
800 2128 864 2149 Erice
874 2133 954 2148 ornnes
965 2127 1049 2148 tratres
1060 2126 1168 2152 professi,

284 2176 408 2201 plusquam
422 2175 481 2195 uuae
494 2176 606 2199 partesex
617 2173 754 2194 tribnsdicti
766 2173 871 2198 capituli,
888 2174 978 2193 attenta
995 2171 1168 2192 renuntiatione

285 2224 306 2241 et
317 2221 423 2241 cess-inne
439 2219 593 2239 haereditatis
609 2220 630 2238 et
647 2219 761 2238 bonorum
777 2223 836 2238 nunc
853 2217 971 2243 quondam
987 2217 1074 2237 domini
1089 2216 1168 2237 fratris

285 2265 375 2285 Andree
391 2264 418 2284 de
440 2263 518 2284 Pontis
540 2264 594 2283 olim
611 2262 689 2283 fratris
705 2261 804 2288 professi
821 2262 882 2282 dicte
899 2261 1025 2285 religionis,
1050 2260 1110 2282 lacte
1127 2266 1167 2287 per

285 2309 413 2335 capitulum
439 2308 574 2329 monasterii
597 2307 671 2328 sancti
695 2307 750 2327 Zeni
775 2307 818 2327 loci
845 2306 936 2328 Casalis
961 2305 1166 2330 Pusterlengoruni

286 2353 387 2373 diocesis
404 2352 532 2372 [andensis
548 2351 575 2372 de
592 2356 637 2376 qna
653 2352 745 2371 constat
762 2351 917 2371 instrumento
929 2351 1011 2375 rogato
1022 2349 1058 2370 die
1069 2349 1095 2370 29
1109 2350 1169 2375 sept.

288 2403 353 2422 prox.
371 2396 474 2422 preteriti
492 2401 532 2421 per
548 2396 578 2416 lo.
601 2395 721 2416 Nicolaum
738 2394 865 2415 Galeanuin
886 2394 1002 2415 notarium
1025 2393 1169 2418 laudensem,

289 2444 310 2461 et
321 2440 506 2465 inexeqnntimie
515 2440 645 2460 litterarum
657 2438 851 2460 Reverendissimi
864 2438 949 2459 domini
962 2438 1038 2458 Patris
1049 2437 1169 2458 Generalis

289 2486 343 2505 dicti
365 2485 459 2505 Ordinis
482 2484 589 2504 datarum
612 2484 686 2504 sancti
704 2483 784 2508 Augen
801 2483 837 2503 die
853 2483 877 2503 27
902 2482 1044 2508 septembris
1067 2482 1171 2508 proxime

290 2529 403 2554 preteriti,
421 2528 509 2549 tenoris
525 2528 646 2553 sequentis
662 2527 784 2548 videlicet:

345 2573 392 2593 Nos
407 2572 477 2593 trater
493 2571 654 2593 christoforus
671 2571 797 2592 Patavinus
818 2571 912 2591 Ordinis
929 2571 1082 2591 Eremitarum
1098 2570 1173 2591 sancti

291 2617 413 2642 Augustini
436 2616 500 2637 Prior
522 2616 656 2641 Generalis,
676 2618 720 2637 etc.
744 2615 802 2640 Quia
822 2616 882 2636 alias
902 2615 973 2636 irater
995 2615 1112 2637 Andreas,
1134 2614 1172 2640 qui

291 2662 394 2683 habitum
411 2662 432 2682 in
449 2661 554 2681 laudensi
570 2662 686 2681 conventu
700 2662 837 2685 susceperat
849 2662 871 2680 et
883 2662 947 2680 extra
963 2659 1067 2680 ordinent
1083 2659 1174 2684 absque

291 2707 371 2727 habitu
382 2711 421 2731 per
435 2706 528 2731 triginta
544 2705 614 2725 terme
630 2710 705 2725 annos
721 2705 814 2729 mansit,
827 2704 913 2725 virtute
929 2705 1007 2724 autem
1024 2703 1088 2724 Bulle
1104 2702 1177 2723 telicis

293 2750 462 2771 recordationis
479 2749 543 2770 Pauli
559 2754 619 2775 pape
635 2748 716 2773 Quarti
733 2754 813 2769 omnes
828 2750 953 2774 apostatas
968 2748 997 2768 ad
1013 2753 1070 2768 suos
1085 2747 1180 2768 ordines

293 2794 434 2819 mandantis,
450 2793 480 2814 ad
496 2793 642 2815 Conventum
659 2792 750 2814 Casalis
766 2792 938 2818 l‘osturlenglii¹
949 2798 994 2813 non
1009 2792 1038 2812 ad
1048 2797 1115 2813 suum
1125 2791 1186 2812 unde

294 2839 399 2860 habitum
411 2840 548 2865 susceperat
558 2843 666 2859 reversus
678 2839 713 2858 est
726 2837 789 2863 quod
801 2842 852 2858 cnm
865 2837 927 2857 illurn
939 2836 1059 2857 filiationis
1075 2836 1179 2862 penitue-

294 2885 337 2908 rat,
347 2884 376 2904 ad
386 2883 552 2905 {nonasterium
568 2883 642 2903 sancti
652 2882 732 2907 Angeli
744 2887 769 2903 se
777 2881 875 2903 contulit
885 2883 907 2902 et
917 2881 947 2902 ibi
959 2881 1021 2902 tilius
1031 2880 1129 2901 enectus
1140 2881 1177 2902 est

1217 1903 1367 1924 donationem
1378 1908 1473 1928 quoque
1482 1902 1541 1922 inter
1553 1902 1619 1923 vivos
1628 1901 1693 1922 tecit:
1705 1901 1754 1922 Nos
1764 1902 1841 1922 autem
1851 1906 1902 1921 cum
1912 1902 1946 1921 tot
1959 1899 2102 1921 mutationes

1219 1948 1353 1971 viderimus.
1366 1947 1453 1968 nostris
1468 1947 1552 1967 litteris
1568 1946 1735 1967 monasterium
1751 1945 1863 1971 papiense
1875 1945 1976 1965 omniurn
1989 1945 2102 1965 bonorum

1224 1993 1306 2019 pretati
1322 1992 1400 2013 tranis
1422 1992 1527 2012 Audi-:ae
1548 1991 1655 2012 heredem
1671 1996 1723 2011 esse
1745 1990 1870 2015 voluimus,
1890 1989 1960 2010 veluti
1978 1989 2066 2010 eisdem
2081 1989 2102 2009 in

1221 2039 1337 2058 conventu
1354 2037 1459 2062 papiensi
1482 2036 1638 2057 existentibus
1652 2036 1714 2056 clare
1737 2036 1811 2061 patet,
1827 2035 1879 2055 licet
1896 2033 2065 2060 professionem
2081 2035 2104 2054 et

1221 2082 1371 2103 donationem
1383 2082 1404 2102 in
1421 2080 1512 2106 pretato
1520 2082 1636 2101 conventu
1650 2080 1755 2106 papiensi
1768 2085 1812 2100 non
1821 2079 1910 2104 iecerit,
1921 2084 1962 2104 per
1973 2083 2016 2099 nos
2027 2080 2104 2099 tamen

1222 2128 1337 2147 statutum
1354 2125 1429 2146 tuerat
1445 2127 1469 2146 ut
1486 2125 1546 2145 illam
1563 2125 1679 2145 emitteret
1697 2124 1818 2150 presertim
1835 2123 1946 2144 Venetiis.
1964 2123 2012 2143 Hac
2027 2124 2105 2143 tamen

1223 2171 1357 2192 conditione
1372 2172 1393 2191 et
1411 2171 1480 2196 pacto
1497 2171 1520 2190 ut
1537 2169 1672 2191 Conventus
1688 2169 1761 2189 saneti
1778 2168 1858 2193 Angeli
1874 2169 1895 2188 et
1908 2167 1999 2189 Casalis
2011 2166 2106 2188 Postur-

1222 2216 1297 2241 lenglii
1308 2215 1396 2241 aliquid
1407 2215 1508 2235 muneris
1523 2216 1546 2235 et
1557 2214 1630 2240 gratie
1641 2214 1702 2239 loco,
1713 2213 1792 2239 potius
1809 2218 1877 2239 quam
1889 2212 1970 2237 debiti,
1981 2212 2106 2238 acciperet:

1223 2266 1306 2281 munus
1317 2262 1394 2280 antem
1409 2261 1540 2280 conventus
1555 2259 1629 2279 sancti
1646 2258 1725 2283 Angcti
1741 2258 1813 2278 libras
1824 2257 1946 2279 ducentas.
1963 2256 2106 2283 computatis

1222 2305 1267 2326 iam
1283 2304 1369 2325 habitis
1383 2306 1476 2324 eentum
1492 2303 1556 2324 libris
1572 2304 1593 2323 et
1606 2303 1700 2327 triginta
1713 2302 1816 2328 quinque
1829 2307 1870 2327 pru
1879 2301 1949 2322 tratre
1965 2300 2106 2327 Serapliino:

1228 2349 1358 2370 Conventui
1375 2354 1430 2369 vero
1452 2347 1542 2369 Caszilis
1565 2347 1727 2372 l’osturlenglii
1749 2346 1829 2367 iictunt
1846 2347 1985 2371 perpetuum
2008 2345 2106 2366 duorum

1226 2395 1346 2414 scutorum
1370 2398 1440 2418 super
1463 2392 1587 2418 quamdam
1610 2391 1713 2415 donnum,
1730 2392 1754 2411 ut
1771 2391 1792 2411 in
1812 2390 1952 2411 istrumento
1973 2391 2046 2415 patet,
2063 2395 2107 2415 que

1224 2438 1309 2458 domus
1318 2438 1339 2458 in
1350 2437 1426 2458 Casali
1439 2436 1601 2462 Postnrlenglii
1611 2436 1656 2457 sita
1666 2438 1709 2456 est.
1720 2435 1742 2456 ln
1751 2440 1848 2461 quorum
1859 2434 1928 2455 tidem
1937 2435 1978 2455 lias
1987 2435 2108 2460 presentes

1227 2482 1275 2503 tieri
1287 2484 1308 2503 ct
1320 2481 1414 2503 Ordinis
1429 2481 1505 2506 sigillo
1521 2482 1636 2501 consueto
1653 2480 1734 2500 inuniri
1750 2479 1870 2503 iussimus,
1887 2483 2004 2504 manuque
2016 2478 2109 2504 propria

1227 2526 1322 2547 easdem
1337 2526 1521 2546 subscribentes.
1539 2524 1624 2545 Datum
1640 2523 1714 2545 sancti
1731 2523 1810 2549 Angeli
1826 2523 1862 2543 die
1879 2522 1992 2548 vigesimo
2007 2522 2109 2548 septimo

1228 2569 1370 2595 septembris
1387 2569 1444 2590 1561.
1461 2569 1496 2589 Fr.
1513 2567 1673 2589 Cliristotorus
1689 2567 1808 2588 Generalis
1823 2566 2002 2592 indignitatibus
2017 2565 2076 2590 (sic).

1283 2613 1343 2634 Dant
1366 2614 1388 2634 et
1410 2613 1495 2634 cedunt
1518 2612 1581 2633 tratri
1604 2611 1735 2633 Alexandro
1756 2611 1784 2631 de
1806 2610 1910 2631 Galianis
1925 2610 1953 2631 de
1976 2610 2039 2631 dicto
2057 2609 2109 2631 loco

1230 2658 1320 2679 Casalis
1337 2657 1496 2681 Pusterlengln
1515 2655 1587 2677 Priori
1604 2656 1658 2677 dicti
1674 2657 1804 2676 conventus
1814 2655 1888 2675 sancti
1900 2654 1953 2675 Zeni
1964 2654 2043 2675 lictum
2053 2653 2109 2675 illud

1232 2702 1260 2723 de
1276 2708 1323 2728 quo
1337 2706 1417 2727 supra.

1289 2746 1311 2767 ln
1328 2752 1357 2766 un
1372 2747 1424 2766 atto
1439 2745 1603 2766 d'investitura
1619 2744 1690 2765 d'una
1705 2744 1773 2770 vigna
1788 2743 1810 2764 in
1826 2743 1955 2768 Ceranova.
1970 2744 2053 2769 rogato
2067 2742 2111 2768 agli

1241 2791 1254 2811 8
1268 2790 1384 2811 diccmbre
1402 2789 1449 2811 1561
1473 2789 1502 2810 da
1520 2779 1596 2809 Guido
1619 2788 1746 2813 Mangano,
1761 2787 1876 2809 troviamo
1896 2787 1937 2808 elie
1957 2786 1994 2808 del
2008 2786 2111 2812 capitolo

1233 2835 1254 2855 di
1268 2834 1290 2856 S.
1302 2834 1416 2860 Agostino
1431 2833 1500 2854 fanno
1517 2834 1582 2859 parte
1593 2833 1666 2854 anclie
1682 2832 1753 2853 irater
1770 2832 1855 2853 Hector
1870 2831 1899 2852 de
1911 2830 2000 2853 Cescna
2009 2831 2031 2852 et
2040 2830 2111 2851 trater

1233 2879 1304 2900 Ellias
1320 2878 1447 2905 papiensis.
