2305 3407
1957 182 2021 214 285

957 368 1280 410 CMLXXX.

270 480 372 508 Bolla
396 479 429 508 di
456 479 518 508 Pio
543 479 592 507 1V
618 483 740 507 contro
766 478 973 514 gl'invasori
999 486 1017 506 e
1043 477 1052 505 i
1077 476 1336 513 danneggIatori
1362 476 1418 505 del
1445 480 1617 505 convento
1644 476 1678 504 di
1705 476 1740 504 S.
1767 474 1944 506 Mostiola,

859 600 996 630 1561,
1016 599 1298 631 febbrai09
1320 599 1372 624 7.

807 715 912 736 «Bibliot,
929 715 995 736 Univ.
1012 715 1034 735 di
1051 714 1121 735 Pavia
1138 726 1161 728 —
1178 714 1223 735 Ms.
1240 714 1298 736 Cod.
1316 720 1336 735 n⁴
1353 714 1409 738 428).

288 862 385 978 Ρ
454 892 510 919 lUS
535 887 728 928 Episcopus
753 896 873 919 servus
899 895 1074 918 servorum
1093 885 1155 917 Dei
1183 885 1366 917 venerabili
1384 885 1474 917 fratri
1494 885 1667 926 Episcopo
1687 884 1880 916 Pisaurensi
1900 884 2030 915 datario

474 952 506 981 et
531 951 660 991 prelato
686 952 801 982 nostro
828 950 1016 982 domestico
1042 949 1184 981 salutem
1211 951 1242 980 et
1268 948 1492 989 apostolicam
1527 948 1807 980 benedictionem.

564 1011 803 1053 Significarunt
841 1013 940 1043 nobis
977 1012 1088 1043 dilecti
1130 1012 1187 1042 filii
1228 1011 1392 1051 Magister
1429 1009 1605 1043 Generalis
1645 1011 1749 1041 totius
1782 1009 1921 1041 Ordinis
1956 1009 2033 1040 Fra-

205 1075 289 1104 trum
328 1073 569 1105 l-leremitarum
596 1075 703 1106 sancti
738 1074 918 1116 Augustini
945 1076 976 1106 et
1011 1073 1105 1105 Prior
1144 1083 1184 1106 ac
1224 1072 1424 1106 Conventus
1462 1073 1584 1104 domus
1617 1074 1753 1104 sanctae
1780 1072 1963 1103 Mustiolae
2000 1072 2031 1102 et

205 1137 311 1167 sancti
349 1135 528 1177 Augustini
568 1138 744 1178 papiensis
771 1137 850 1168 dicti
878 1136 1061 1169 Ordinis..,.
1089 1145 1191 1177 super
1216 1145 1257 1167 eo
1291 1136 1383 1176 quod
1418 1135 1568 1167 nonnulli
1604 1135 1768 1172 homines,
1795 1135 1827 1165 in
1860 1134 2029 1174 quinqua-

204 1198 295 1238 ginta
322 1198 372 1229 vel
400 1199 577 1240 sexaginta
603 1201 659 1230 aut
685 1199 801 1230 maiori
829 1199 880 1230 vel
908 1199 1026 1230 minori
1056 1208 1205 1236 numero,
1220 1207 1261 1229 ex
1282 1198 1477 1229 hominibus
1501 1199 1533 1228 et
1551 1197 1698 1228 subditis
1724 1196 1850 1227 nobilis
1869 1195 2031 1226 Ludovici

206 1258 403 1291 Pallavicini
430 1263 460 1291 et
486 1261 559 1292 eius
585 1260 696 1292 fratris
723 1260 817 1292 Pauli
844 1261 944 1292 etiam
965 1260 1161 1292 Pallavicini
1182 1260 1394 1291 dominorum
1415 1259 1563 1290 locorum
1583 1258 1816 1299 Marcignaghi
1836 1260 1866 1289 et
1885 1256 2034 1289 Gioven-

207 1322 278 1353 zani
312 1331 371 1353 seu
405 1321 607 1364 Calignaghi
642 1325 674 1354 et
710 1322 885 1364 Papiaglii,
913 1323 1089 1363 papiensis
1123 1323 1174 1354 vel
1212 1322 1349 1354 alterius
1383 1322 1544 1359 diocesis,
1575 1321 1617 1352 ad
1652 1321 1789 1351 domum
1827 1319 2033 1360 prefatorum

205 1383 342 1416 fratrum
369 1385 433 1416 sub
459 1387 635 1426 praetextu
661 1385 905 1426 exequutionis
930 1387 1038 1416 certae
1057 1385 1243 1417 sententiae
1269 1393 1329 1416 seu
1356 1384 1479 1415 decreti
1506 1392 1524 1414 a
1551 1382 1675 1415 Senatu
1703 1382 1962 1419 mediolanensi,
1982 1381 2034 1412 vel

207 1445 379 1487 Episcopo
408 1446 565 1487 papiensi
592 1456 650 1478 seu
677 1448 750 1478 eius
776 1447 920 1484 Vicario,
948 1456 1008 1487 pro
1034 1448 1127 1487 parte
1152 1447 1326 1478 abbatisse
1352 1448 1382 1477 et
1401 1447 1591 1476 conventus
1618 1444 1810 1476 monasterii
1838 1443 2034 1474 monialium

206 1507 348 1540 Sanctae
374 1509 504 1540 Mariae
531 1509 636 1540 Vallis
666 1509 854 1541 Umbrosae
884 1509 1012 1541 Montis
1038 1508 1163 1541 Oliveti
1188 1509 1328 1546 ordinis,
1354 1508 1530 1548 papiensis
1560 1508 1611 1538 vel
1639 1508 1775 1538 alterius
1805 1506 1953 1537 civitatis
1973 1514 2032 1536 seu

206 1570 366 1608 diocesis,
393 1573 426 1602 ut
464 1571 585 1602 dicitur
617 1573 732 1602 contra
771 1571 880 1603 dictos
914 1571 1033 1602 fratres
1070 1571 1197 1602 obtenti
1224 1579 1284 1602 seu
1318 1570 1473 1607 emanati,
1499 1569 1685 1606 faciendae,
1713 1577 1813 1599 manu
1839 1569 1965 1599 armata
1991 1567 2034 1598 ad

206 1633 330 1664 dictam
348 1633 485 1664 domum
505 1642 539 1664 se
555 1634 755 1665 contulerint
773 1643 811 1665 ac
838 1634 869 1664 in
895 1643 968 1665 eam
995 1637 1025 1665 et
1045 1633 1134 1665 illius
1162 1633 1282 1664 fratres
1310 1633 1376 1663 vim
1402 1641 1441 1664 ac
1461 1632 1655 1663 violentiam
1683 1630 1821 1662 fecerint
1839 1632 1869 1661 et
1899 1630 2032 1670 aliquos

205 1695 323 1726 fratres
348 1696 531 1726 occiderint
556 1698 587 1727 et
614 1696 796 1727 nonnullos
822 1705 864 1727 ex
892 1697 942 1727 eis
969 1696 1221 1727 vulneraverint
1246 1697 1277 1726 et
1303 1695 1540 1735 percusserint,
1560 1703 1599 1725 ac
1625 1703 1643 1725 a
1669 1693 1795 1733 quibus
1821 1695 1851 1724 et
1870 1701 1928 1733 per
1946 1700 2033 1732 quos

206 1758 357 1798 aggressi
385 1760 416 1789 et
442 1758 592 1798 percussi
619 1767 657 1789 ac
684 1758 848 1790 vulnerati
875 1759 1066 1797 extiterint;
1095 1758 1230 1798 ipsique
1256 1758 1412 1788 homines
1438 1757 1554 1788 armati
1590 1756 1784 1787 mandatum
1811 1764 1908 1786 suum
1936 1763 2034 1786 exce-

208 1819 316 1851 derint
341 1828 378 1851 ac
404 1828 568 1851 excessus
594 1822 624 1851 et
659 1820 839 1852 violentias
865 1821 896 1851 in
923 1821 1033 1852 dictos
1059 1819 1178 1852 fratres
1204 1819 1352 1857 fecerint,
1378 1820 1532 1859 ipsisque
1559 1818 1728 1853 fratribus,
1756 1818 1812 1857 qui
1840 1817 2035 1847 mandatum

210 1890 269 1913 seu
295 1882 506 1919 sententiam,
532 1883 629 1914 cuius
655 1883 771 1924 vigore
797 1884 952 1914 executio
978 1883 1046 1914 fieri
1073 1882 1307 1919 mandabatur,
1333 1882 1376 1913 ab
1395 1882 1524 1913 eisdem
1541 1881 1716 1921 armigeris
1741 1882 1772 1911 et
1797 1878 2035 1920 agressoribus

208 1944 259 1976 vel
286 1944 401 1984 aliquo
428 1945 578 1984 ipsorum
607 1945 722 1976 videre
748 1946 922 1986 petierant⁷
950 1945 1165 1983 occultandO,
1185 1946 1215 1976 et
1243 1952 1465 1985 aggressores
1490 1952 1528 1975 ac
1547 1944 1724 1974 invasores
1749 1951 1787 1973 ac
1806 1940 2035 1972 interfectores

207 2008 238 2038 et
256 2006 487 2038 vulneratores
506 2008 704 2039 huiusmodi
720 2008 874 2046 celando,
889 2016 1096 2047 causamque
1115 2009 1146 2039 et
1164 2008 1379 2038 occasionem
1397 2015 1464 2046 qua
1482 2005 1559 2037 talis
1578 2005 1724 2036 insultus
1741 2006 1855 2035 contra
1875 2003 2033 2034 iustitiam

208 2069 317 2101 factus
336 2068 434 2100 fuerit
449 2070 664 2109 praestando,
679 2078 717 2101 ac
733 2069 958 2110 ipsosfratres
975 2070 1093 2101 dolose
1109 2078 1146 2100 ac
1162 2069 1262 2109 impie
1277 2068 1508 2109 aggrediendo
1522 2069 1552 2098 et
1564 2066 1775 2098 verberando
1790 2067 1821 2097 et
1837 2064 2035 2096 interficien-

213 2227 333 2248 Stensione
355 2227 376 2247 di
399 2227 501 2252 perticlie
520 2227 556 2247 170
571 2232 582 2247 e
599 2232 642 2247 nnn
662 2231 724 2247 casa.
740 2226 762 2247 Si
784 2232 875 2252 pagano
897 2226 976 2246 subito
992 2226 1032 2246 lire
1053 2226 1092 2247 375

213 2272 324 2297 imperiali
341 2277 352 2292 e
371 2271 389 2291 si
406 2272 521 2296 promette
545 2271 567 2291 di
584 2276 669 2296 pagare
684 2271 742 2291 altre
758 2271 798 2291 lire
816 2271 866 2291 1500
882 2271 917 2296 pel
935 2270 1016 2291 Natale
1028 2276 1093 2296 pros-

214 2316 282 2341 sim0‚
299 2316 311 2336 il
329 2318 391 2336 resto
404 2316 439 2341 pel
455 2315 537 2336 Natale
553 2315 669 2336 dell'anno
685 2314 763 2335 11111110
781 2315 838 2335 15112,

254 2360 319 2381 Nello
335 2362 413 2380 stesso
430 2361 509 2385 tempo
527 2359 633 2380 veudono
648 2359 669 2379 al
686 2359 764 2379 notaio
781 2359 838 2379 Gian
859 2358 972 2384 Agostiuo
990 2358 1093 2383 Pregaiia

215 2410 260 2425 una
276 2405 342 2430 vigna
359 2405 380 2424 di
396 2404 409 2424 2
424 2405 526 2429 perticlie
549 2404 570 2424 in
592 2403 707 2424 Stradella
724 2409 764 2429 per
780 2404 819 2423 lire
834 2403 860 2424 60
875 2403 996 2428 imperiali,
1013 2403 1048 2427 gia
1064 2403 1095 2423 la-

214 2450 288 2470 sciata
303 2450 324 2469 al
340 2450 456 2469 convento
472 2454 512 2474 per
528 2450 670 2469 testamento
686 2448 707 2468 di
725 2448 782 2469 01311
799 2448 889 2468 Matteo
907 2448 1018 2473 Pregaliar

255 2494 279 2515 Αἰ
299 2495 321 2515 18
335 2495 419 2520 agosto
436 2494 550 2514 troviamo
571 2493 609 2513 un'
620 2493 679 2513 altra
695 2493 867 2514 deliberazionc
883 2492 920 2512 dcl
935 2492 1054 2517 Consiglio
1070 2492 1091 2513 di

215 2538 366 2559 Provvisione
382 2544 423 2564 per
438 2543 483 2558 una
499 2543 575 2558 nuova
591 2538 673 2558 offerta
689 2537 711 2557 di
728 2537 767 2558 lire
782 2537 808 2558 50
823 2536 881 2557 iatta
901 2537 921 2557 ai
938 2536 1046 2561 Religiosi
1067 2536 1088 2556 di

214 2583 237 2604 S.
254 2583 325 2604 Panlo
346 2588 387 2608 pro
410 2583 519 2608 expensis
540 2582 679 2603 necessariis
702 2582 784 2602 fiendis
799 2582 820 2602 in
843 2581 989 2607 reparatione
1011 2586 1091 2601 eornm

213 2627 312 2648 ecclesie
327 2629 349 2648 et
366 2627 498 2648 monasterii
514 2627 571 2648 (Atti
588 2626 609 2647 di
626 2626 786 2651 Provvisione.
803 2632 875 2652 pacco
890 2627 933 2646 211,

256 2671 282 2692 Αἰ
297 2671 310 2692 3
325 2672 451 2692 settembre
469 2671 526 2697 1561,
542 2671 575 2692 tra
591 2671 619 2696 gli
642 2671 685 2692 atti
702 2671 723 2691 di
740 2670 816 2691 Guido
839 2670 956 2696 Mangano
979 2670 1094 2690 troviainn

215 2716 257 2736 elie
272 2715 376 2736 adunato
392 2715 406 2736 il
422 2715 530 2741 Capitolo
553 2715 574 2735 di
591 2715 613 2736 S,
631 2714 711 2740 Paulo,
727 2715 755 2736 de
781 2715 890 2735 mandato
906 2715 991 2735 donnini
1015 2714 1093 2734 11111115

217 2759 305 2781 Thome
320 2759 348 2780 de
371 2759 505 2780 Mediolano
522 2759 615 2785 Prioris,
632 2760 653 2780 in
669 2760 705 2780 cui
725 2765 795 2780 erano
812 2759 816 2779 i
833 2759 934 2785 religiosi
951 2759 1054 2779 Thomas
1069 2758 1097 2778 de

216 2805 307 2830 erema,
324 2804 461 2825 Ambrosius
477 2804 504 2824 de
521 2803 631 2827 Bozzulo,
648 2804 755 2824 Aurelius
771 2804 798 2824 de
812 2803 897 2829 Laude,
909 2803 1055 2824 Hieronimus
1067 2803 1094 2824 de

216 2849 360 2874 Mediolano,
378 2849 467 2869 Laurus
482 2848 510 2869 de
530 2848 622 2869 Savona
638 2849 659 2869 et
684 2848 767 2869 Petrus
790 2848 817 2869 de
835 2848 932 2873 platina,
949 2848 966 2868 si
987 2848 1067 2873 elegge
1082 2853 1094 2868 a

216 2894 368 2920 procuratore
380 2893 394 2913 il
406 2892 485 2914 Priore
500 2892 559 2914 frate
575 2892 701 2913 Tomrnaso
717 2893 745 2914 da
761 2893 849 2913 Milano
860 2892 888 2913 ad
900 2892 1096 2918 acceptandum..

218 2937 370 2958 donacionem
392 2938 414 2958 et
436 2937 602 2958 cessionem...
619 2937 718 2958 fiendam
741 2942 782 2963 per
804 2937 955 2957 reverendum
979 2936 1096 2957 dominum

217 2982 340 3003 iohannem
356 2981 384 3002 de
401 2982 539 3002 Fianibertis
555 2981 696 3002 residentem
712 2982 734 3002 in
750 2981 893 3002 monasterio
908 2981 982 3002 sancti
995 2980 1099 3001 Barnabe

217 3026 344 3048 Mediolani
354 3026 448 3047 Ordinis
457 3026 531 3047 sancti
548 3025 612 3047 Pauli
629 3026 751 3051 occultati,
763 3026 864 3047 nondum
876 3027 953 3047 tamen
966 3025 1098 3051 professum

1147 2226 1169 2246 et
1186 2225 1207 2246 in
1223 2225 1302 2246 seculo
1318 2225 1462 2245 nominatum
1479 2224 1509 2244 lo.
1527 2224 1655 2247 Nicolaum,
1673 2223 1732 2244 d'uri
1748 2229 1791 2243 suo
1807 2223 1896 2244 credito
1913 2223 1933 2243 di
1952 2223 1975 2243 L.
1990 2222 2030 2243 600

1147 2270 1176 2290 da
1192 2270 1227 2290 cui
1243 2270 1261 2290 si
1279 2269 1370 2290 devono
1386 2269 1489 2289 detrarre
1506 2269 1529 2289 l„
1549 2270 1585 2289 101]
1600 2268 1628 2289 da
1645 2268 1675 2288 lui
1691 2268 1778 2289 donate
1793 2268 1953 2293 all'ospedalc
1969 2267 2028 2293 degli

1148 2314 1243 2340 Esposli
1259 2320 1270 2335 e
1288 2315 1324 2335 llll]
1339 2314 1359 2334 al
1376 2314 1458 2334 Monte
1474 2313 1495 2333 di
1513 2313 1578 2334 Piera
1595 2313 1616 2333 di
1634 2312 1712 2333 Pavia.

1189 2358 1214 2379 Αἰ
1231 2359 1255 2378 27
1271 2358 1399 2379 settembre
1417 2358 1474 2382 15131,
1490 2357 1523 2378 fra
1546 2358 1574 2382 ,eli
1598 2357 1639 2377 atti
1664 2357 1684 2377 di
1702 2356 1829 2378 Castellino
1846 2357 1963 2381 Becearia,
1984 2358 2030 2377 tro-

1150 2403 1226 2423 vinmo
1241 2403 1255 2423 il
1275 2403 1418 2423 testamento
1434 2402 1470 2422 del
1493 2402 1612 2422 causidico
1628 2407 1639 2422 e
1660 2401 1739 2421 notaio
1755 2401 1812 2421 Gian
1836 2401 1936 2421 Battista
1956 2400 2029 2425 Baldi,

1149 2448 1254 2468 abitante
1270 2448 1290 2467 in
1307 2447 1377 2467 Pavia
1393 2447 1414 2467 iu
1431 2447 1567 2472 parroechia
1584 2446 1604 2466 di
1621 2446 1643 2467 S.
1661 2446 1735 2466 Maria
1755 2445 1814 2466 delle
1831 2445 1890 2466 mille
1906 2445 1976 2470 virtu,
1994 2445 2029 2465 col

1149 2492 1217 2518 quale
1233 2492 1331 2517 dispone
1347 2492 1388 2511 clie
1405 2491 1500 2516 quando
1516 2491 1566 2511 eius
1581 2491 1658 2511 anima
1684 2491 1794 2516 separata
1810 2490 1878 2511 fuerit
1894 2496 1906 2510 a
1923 2495 2029 2515 corporey

1145 2537 1195 2557 eins
1207 2536 1307 2556 cadaver
1322 2535 1414 2561 sepeliri
1432 2535 1517 2555 debeat
1530 2535 1552 2555 in
1568 2535 1665 2555 ecclesia
1686 2536 1817 2555 conventus
1836 2540 1877 2555 seu
1895 2534 2029 2554 monasterii

1148 2581 1221 2601 sancti
1246 2580 1319 2605 Pauli,
1342 2579 1436 2600 Ordinis
1453 2580 1629 2602 Hereniitarum.
1646 2580 1710 2599 extra
1726 2580 1748 2599 et
1765 2584 1838 2604 [irupe
1854 2578 1928 2599 menia
1951 2578 2029 2604 Papio,

1149 2625 1170 2645 in
1187 2624 1311 2650 sepulchro
1334 2630 1374 2645 seu
1392 2625 1542 2644 monumento
1564 2625 1739 2644 antecessorum
1759 2628 1854 2643 suornm
1871 2622 1899 2643 de
1916 2622 2029 2643 Balbis..„

1150 2669 1232 2689 ltem...
1256 2668 1319 2689 dedit
1343 2670 1364 2688 ct
1388 2668 1509 2692 legavit...,
1525 2667 1658 2688 venerando
1681 2667 1823 2687 monasterio
1843 2672 1883 2687 sen
1906 2666 2029 2687 conventui

1148 2713 1245 2734 ecclesie
1268 2713 1341 2733 sancti
1366 2712 1428 2732 Pauli
1446 2714 1469 2732 ut
1491 2717 1572 2737 supra,
1588 2711 1660 2732 libras
1681 2711 1868 2741 vigintiquinque
1890 2710 2030 2736 imperiales,

1152 2757 1223 2778 semel
1247 2758 1346 2781 tantum,
1362 2755 1452 2776 dandas
1474 2756 1497 2775 et
1520 2755 1647 2776 solvendas
1669 2755 1794 2780 agentibus
1810 2760 1851 2779 pro
1867 2754 1930 2774 dicto
1953 2759 2031 2774 mona-

1150 2801 1222 2822 sterio
1238 2802 1262 2821 ut
1278 2805 1356 2825 supra.
1374 2805 1416 2825 pro
1431 2799 1585 2820 elemosinam
1602 2800 1655 2825 post
1671 2798 1794 2819 decessum
1809 2804 1850 2819 seu
1863 2800 1959 2818 mortem
1976 2797 2029 2817 dicti

1151 2846 1236 2867 domini
1259 2845 1389 2866 testatoris.

1193 2890 1334 2911 Finalmente
1349 2890 1369 2910 ai
1388 2889 1411 2910 18
1425 2889 1542 2910 dicembre
1557 2889 1571 2909 il
1587 2888 1705 2914 Consiglio
1721 2888 1742 2908 di
1759 2887 1910 2909 Provvisioue
1925 2887 2028 2910 (ibidem.

1153 2941 1226 2961 paceo
1241 2935 1275 2957 21)
1290 2934 1390 2956 accorda
1405 2939 1417 2954 a
1429 2933 1452 2955 S.
1469 2933 1540 2954 Paolo
1552 2933 1652 2954 un'alrra
1668 2933 1824 2953 sovvenzione
1836 2932 1857 2952 di
1868 2931 1944 2953 501111.-
1959 2931 2031 2956 impe-

1155 2980 1212 3000 riali.
