2305 3407
199 280 381 312 sentiarum
407 279 451 309 ob
477 279 640 311 tumultus
666 279 829 311 bellorum
855 280 1210 321 depopulationesque
1235 282 1267 312 et
1291 289 1416 322 ruynas
1443 281 1474 312 in
1501 281 1652 322 predicta
1688 282 1823 314 civitate
1849 281 1953 323 Papie
1979 285 2011 315 et

202 343 233 374 in
258 342 348 373 dicto
374 341 590 378 monasterio,
617 341 697 372 nulli
724 342 779 372 alii
806 342 924 374 tratres
962 342 1086 374 ibidem
1124 342 1326 374 resideant...
1360 342 1518 374 dominus
1556 344 1714 383 magister
1754 342 1889 376 Gabriel
1917 344 2011 376 Prior

200 403 359 445 exposuit
384 405 415 434 et
441 403 526 434 dixit
552 403 643 443 quod
670 406 806 444 propter
831 404 993 436 tumultus
1020 404 1182 436 bellorum
1210 405 1476 444 invasionesque
1501 406 1533 436 et
1558 405 1820 445 depredationes
1844 414 1883 437 ac
1909 407 2014 446 capti—

202 467 321 498 vitates
347 465 486 497 militum
514 466 712 505 notoriaque
739 466 884 506 dampna
911 469 941 498 et
968 467 1223 498 devastationes
1250 467 1325 498 hinc
1352 468 1437 498 retro
1462 468 1493 498 et
1519 476 1583 507 que
1609 467 1720 498 adhuc
1748 468 1778 498 in
1805 468 1879 499 dies
1905 468 2014 499 diver-

204 528 333 561 simode
372 536 429 568 per
467 527 589 558 milites
615 527 800 559 inferuntur
835 531 866 559 et
902 529 1023 560 dantur
1060 529 1090 560 in
1128 529 1278 560 dominio
1316 528 1501 560 Mediolani
1528 531 1559 560 et
1584 530 1758 570 presertim
1786 530 1816 560 in
1844 528 2013 562 Comitatu

203 590 317 632 Papie,
344 590 399 621 ubi
425 589 492 621 tere
518 590 629 620 omnia
656 590 743 621 bona
770 591 905 622 stabilia
947 591 1086 631 predicti
1125 591 1318 622 monasterii
1357 591 1464 622 iacent
1489 592 1519 622 et
1544 591 1608 622 sita
1634 592 1722 629 sunt,
1748 601 1788 623 ex
1815 594 1846 623 et
1872 592 1912 623 de
1939 601 2015 632 pro-

204 653 402 694 prietatibus
427 654 458 684 et
485 652 583 682 bonis
624 652 762 691 predicti
805 654 997 684 monasterii
1040 653 1153 684 haberi
1180 654 1211 684 et
1237 653 1363 693 percipi
1406 662 1471 684 non
1498 655 1678 693 potuerunt
1715 662 1774 685 nec
1800 656 1943 694 possunt
1968 655 2015 685 tot

203 715 329 747 fructus
355 717 386 746 et
412 714 572 750 redditus,
599 714 655 753 qui
682 713 846 745 suffitiant
870 715 911 746 ad
931 722 1102 755 expensas
1128 717 1159 746 et
1184 715 1248 746 alia
1274 715 1483 746 necesssaria
1508 714 1618 747 tacere
1644 715 1803 747 fratribus
1822 716 1930 756 ipsius
1949 725 2018 746 mo-

205 777 352 815 nasterii,
378 777 420 807 ita
447 776 538 816 quod
565 777 591 807 si
620 775 749 807 Fratres
776 777 840 817 ipsi
867 777 1042 808 intendunt
1067 779 1098 808 et
1123 777 1246 811 volunt,
1267 777 1367 808 victui
1394 779 1424 808 et
1451 777 1711 809 necessitatibus
1725 778 1797 809 suis
1815 787 2017 816 succurrere,

205 841 255 871 est
279 846 416 870 necesse
457 838 614 869 devenire
640 838 682 868 ad
708 838 944 870 alienationem
986 839 1174 879 aliquorum
1217 839 1379 870 bonorum
1422 839 1593 871 stabilium
1635 839 1787 871 eiusdem
1814 840 2018 877 monasterii,

205 910 279 933 cum
306 901 336 931 in
363 909 402 931 eo
428 900 472 929 ob
499 901 561 931 iam
589 900 697 931 dictas
723 901 1009 941 depopulationes
1035 903 1199 941 sequutas
1225 901 1314 932 nulla
1341 902 1486 933 habeant
1524 902 1611 933 bona
1652 902 1800 939 mobilia,
1825 911 1866 933 ex
1893 902 2018 942 quihus

205 972 240 995 se
266 963 380 994 iuvare
407 962 539 1002 possint
566 971 626 1002 pro
652 972 765 993 eorum
792 963 959 994 alimentis
986 964 1219 995 necessariis...
1241 972 1388 1004 propone
1412 964 1445 995 Ια
1472 964 1600 995 vendita
1625 965 1716 996 dian
1734 964 1842 1005 affitto
1863 967 2018 1005 perpetuo

204 1025 239 1057 di
262 1025 318 1056 lite
343 1025 506 1065 imperiali
535 1025 572 1055 14
597 1034 635 1055 su
660 1025 771 1056 alcuni
795 1025 870 1056 beni
893 1025 946 1056 ael
970 1025 1183 1063 Siccomario,
1209 1026 1268 1057 che
1294 1025 1381 1057 Glari
1407 1026 1516 1057 Μανία
1540 1026 1584 1057 cla
1609 1026 1641 1058 S.
1668 1026 1855 1066 Pellegrlno
1888 1027 1917 1058 ss
1941 1027 2020 1068 offre

205 1087 239 1119 di
262 1095 448 1127 compcrare
470 1096 531 1127 per
553 1087 609 1118 life
633 1088 707 1118 380.
735 1087 751 1118 I
773 1087 936 1127 Religwsi
961 1097 999 1119 nc
1026 1088 1069 1117 oh
1096 1089 1315 1119 ncccs‘ti'aten
1342 1098 1455 1119 eornm
1494 1089 1604 1119 victus
1630 1091 1661 1120 et
1687 1089 1825 1120 aliorum
1865 1098 2021 1121 necessa—

207 1151 328 1181 riorum
356 1152 519 1191 cogantur
560 1150 683 1181 dictum
726 1159 838 1181 eornm
882 1151 1120 1181 monasterium
1159 1151 1323 1186 desexere,
1361 1153 1457 1191 ,tq-int
1484 1152 1583 1182 ceteri
1610 1151 1664 1181 alii
1692 1160 1805 1182 eorum
1833 1151 2020 1183 confratres

206 1213 283 1244 dicti
311 1213 504 1243 monasterii
532 1213 619 1243 dicta
647 1213 686 1243 de
712 1221 814 1243 causa
841 1213 1071 1250 deseruerunt,
1097 1213 1155 1244 sed
1184 1214 1216 1243 nt
1243 1213 1376 1253 possint
1402 1213 1433 1243 in
1460 1213 1613 1253 predicto
1646 1214 1851 1245 monasterio
1879 1214 2020 1245 honesto

208 1274 309 1305 modo
336 1275 449 1305 vivere
475 1276 505 1305 et
532 1275 625 1306 iuxta
651 1284 765 1305 eorum
793 1275 928 1305 solitum
955 1276 986 1306 et
1012 1275 1161 1306 debitum
1189 1275 1219 1305 in
1246 1275 1372 1306 divinis
1398 1275 1579 1313 deservire,
1605 1284 1795 1315 approvano
1821 1275 1853 1306 Ia
1880 1276 2018 1307 wendila.

207 1337 232 1368 ll
255 1336 398 1368 secondo
424 1338 557 1368 trattato
583 1337 613 1368 si
629 1336 671 1377 fa
697 1337 731 1368 αι’
758 1337 798 1368 10
810 1347 820 1373 ,·
845 1336 868 1368 il
892 1338 979 1368 terzo
1005 1346 1021 1368 e
1046 1337 1079 1368 Ia
1106 1337 1235 1369 vendita
1262 1337 1332 1377 agli
1359 1338 1373 1368 J
1382 1338 1395 1368 I
1422 1337 1457 1369 <li
1479 1337 1661 1368 novembre.

919 1554 1310 1595 DCCCXXXV.

297 1673 323 1701 11
350 1673 511 1709 Capitolo
537 1673 571 1701 di
599 1673 633 1701 S.
660 1672 833 1708 Agostino
859 1672 971 1700 vende
996 1681 1063 1701 una
1089 1673 1193 1708 vigna
1219 1673 1274 1701 nel
1302 1673 1530 1702 Siccomario.

846 1795 1000 1826 1530,
1032 1801 1253 1827 112ar209
1285 1795 1376 1820 30.

766 1891 842 1916 (Arch.
859 1891 939 1912 Notar.
956 1891 977 1912 di
995 1891 1073 1912 Pavia.
1089 1903 1113 1905 —
1129 1891 1176 1912 Atti
1193 1892 1214 1912 di
1231 1892 1343 1913 Giovanni
1360 1892 1470 1918 Pigazzi).

288 2092 389 2207 R
456 2109 639 2137 ADUNATO
664 2105 688 2136 il
713 2104 865 2145 CapItolo
891 2106 925 2137 di
949 2105 982 2138 S.
1008 2106 1171 2146 Agostino
1196 2107 1353 2138 ‹i'orditze
1378 2107 1431 2138 del
1454 2107 1568 2138 Priore
1593 2109 1734 2139 maestro
1752 2107 1842 2148 frate
1870 2108 2023 2140 Gabriele

448 2187 449 2192 =
477 2168 520 2200 da
545 2167 662 2205 Pavia,
687 2167 740 2198 nel
763 2168 860 2207 quale
885 2169 1018 2200 Inst'eme
1043 2177 1103 2200 con
1128 2169 1175 2200 lai
1198 2178 1295 2200 erano
1321 2169 1422 2200 trater
1446 2168 1688 2201 Christottorus
1715 2170 1755 2201 de
1782 2169 1898 2210 Papia,
1924 2170 2024 2202 frater

360 2265 363 2267 .
395 2265 399 2267 V
477 2230 675 2261 Laurentius
701 2230 741 2261 de
767 2229 872 2270 Papia
898 2232 929 2261 et
954 2230 1055 2261 frater
1080 2230 1198 2262 Nicola
1223 2232 1264 2262 de
1290 2231 1462 2269 Vercellis,
1500 2231 1662 2263 facientes
1687 2232 1754 2263 fere
1780 2234 1884 2264 totum
1912 2233 2021 2273 ipsum

210 2293 393 2333 capitulum
411 2290 495 2332 (1)...
522 2291 677 2323 Prefatus
702 2292 860 2323 dominus
887 2291 981 2323 Prior
1006 2293 1092 2323 dixit
1117 2295 1148 2324 et
1173 2294 1334 2333 exposuit
1359 2294 1450 2333 quod
1478 2302 1543 2324 non
1570 2294 1722 2335 ignorare
1747 2294 1872 2326 debent
1897 2297 2022 2335 quanta

210 2355 319 2395 ipsum
347 2354 585 2386 monasterium
613 2354 747 2395 pertulit
772 2356 803 2385 et
828 2355 1042 2394 supportavit
1068 2355 1225 2395 dampna,
1253 2355 1549 2396 intolerabilesque
1575 2362 1746 2396 expensas
1771 2356 1851 2388 fecit
1869 2358 2022 2397 proxime

208 2417 363 2448 decursis
387 2417 594 2448 calamItosis
619 2417 833 2456 erumpnosis
859 2417 1068 2456 temporibus
1083 2418 1151 2448 tum
1167 2418 1312 2449 maxime
1339 2418 1493 2449 videlicet
1512 2418 1659 2459 hospitia
1678 2427 1736 2450 seu
1756 2419 2021 2459 hospitationum

209 2479 349 2510 militum
376 2479 548 2520 impensas
574 2478 712 2510 ferendo
738 2480 768 2510 et
794 2478 960 2516 faciendo,
986 2480 1054 2510 tum
1081 2479 1179 2510 etiam
1206 2479 1249 2510 ob
1276 2479 1560 2520 depopulationes
1586 2481 1690 2512 trinas
1715 2481 1892 2512 crudeliter
1916 2481 2022 2513 factas

207 2543 238 2573 et
264 2541 374 2573 illatas
400 2542 430 2572 in
458 2542 519 2573 hac
547 2541 739 2573 miseranda
766 2541 846 2572 urbe
874 2540 988 2581 Papie,
1016 2543 1083 2571 tum
1110 2541 1209 2572 etiam
1236 2541 1279 2572 ob
1306 2542 1404 2573 nimis
1430 2543 1645 2574 excessivam
1678 2552 1811 2574 annone
1836 2544 2017 2581 caritatem,

262 2715 292 2741 (l)
309 2716 415 2737 L'intero
430 2716 532 2742 capitolo
547 2716 569 2737 di
585 2716 607 2737 S.
624 2716 737 2742 Agostino
748 2716 768 2737 ci
779 2716 790 2737 e
801 2716 857 2737 dato
868 2716 890 2736 in
902 2722 930 2736 un
947 2716 1087 2737 documento
1142 2715 1205 2741 garic
1230 2716 1345 2737 Lomeline
1360 2718 1383 2737 et
1399 2717 1502 2738 lxollarie
1527 2717 1653 2738 comitatus
1676 2717 1755 2744 Papie,
1779 2719 1801 2739 al
1826 2724 1911 2744 prezzo
1933 2719 1954 2739 di
1971 2725 2016 2740 uno

211 2760 246 2781 dei
261 2761 273 2781 7
288 2761 390 2787 ottobre,
413 2762 496 2786 rogato
518 2760 547 2782 da
571 2760 629 2782 Gian
652 2760 794 2782 Bernardino
809 2760 868 2782 della
885 2760 951 2786 Ripa,
966 2761 1001 2781 col
1018 2760 1085 2786 quale
1141 2760 1214 2781 sendo
1230 2760 1303 2781 d’oro
1319 2761 1354 2782 del
1370 2761 1419 2782 sole
1434 2761 1479 2782 alla
1495 2762 1590 2787 pertica.

209 2805 318 2831 magister
334 2804 417 2825 Petrus
432 2805 460 2826 de
475 2805 576 2826 Canellis
592 2805 742 2826 Provincialis
753 2806 774 2826 et
788 2805 860 2831 Prior,
872 2805 981 2830 magister
991 2804 1082 2825 Gabriel
1191 2805 1216 2826 Αἰ
1232 2805 1258 2826 29
1272 2806 1366 2826 ottobre
1382 2806 1403 2827 lo
1414 2807 1492 2827 stesso
1517 2806 1634 2833 Capitolo,
1660 2807 1720 2828 dove
1735 2808 1754 2828 si
1771 2809 1837 2829 trova
1855 2809 1927 2829 anche
1943 2808 2013 2829 trater

209 2849 238 2870 de
253 2849 333 2875 Papia,
358 2849 428 2870 trater
453 2850 594 2871 Fortunatus
610 2850 638 2871 de
653 2850 743 2871 Cerano
759 2851 839 2875 lector,
856 2849 926 2871 irater
943 2849 1080 2870 Laurentius
1135 2849 1280 2875 Augustinus
1295 2850 1324 2871 de
1339 2850 1528 2875 Viceeoniitibus.
1545 2857 1587 2872 con
1599 2853 1650 2873 atto
1665 2852 1686 2872 di
1704 2852 1762 2873 Gian
1774 2853 1902 2873 Francesco
1919 2852 2010 2877 Porzio,

209 2893 237 2914 de
252 2893 332 2920 Papia,
348 2893 418 2915 trater
434 2894 521 2915 Nicolla
537 2894 564 2915 de
581 2894 660 2920 Lenta,
676 2894 747 2915 trater
758 2894 907 2915 Lndovichus
922 2894 950 2915 de
965 2895 1084 2921 Vercellis,
1140 2893 1214 2914 riceve
1230 2894 1243 2914 il
1259 2893 1325 2914 saido
1341 2894 1400 2919 degli
1416 2894 1484 2915 altini
1500 2895 1607 2916 arretrati
1624 2895 1659 2916 dei
1676 2896 1727 2916 beni
1743 2895 1765 2916 di
1782 2895 1919 2917 Parasacco.

208 2937 278 2958 trater
293 2937 397 2959 Andreas
412 2938 440 2959 de
456 2937 526 2960 Roma
542 2940 565 2959 et
580 2938 651 2960 trater
666 2939 811 2964 Augustinus
826 2939 854 2960 de
871 2939 948 2964 lanua,
969 2941 1044 2960 totum
1060 2941 1082 2960 ct
1192 2937 1216 2958 Αἰ
1235 2938 1258 2959 15
1273 2938 1398 2959 novembre
1409 2938 1430 2959 in
1446 2944 1475 2959 un
1490 2940 1541 2960 atto
1556 2939 1579 2960 d'
1589 2939 1727 2961 investitura
1752 2940 1812 2961 delle
1827 2941 1888 2961 terre
1903 2940 1940 2960 del
1956 2940 2014 2961 Con-

207 2982 321 3008 integrum
337 2982 473 3008 capitulum,
489 2982 596 3004 vendono
620 2983 641 3004 al
667 2983 743 3004 nobile
769 2983 859 3004 Matteo
884 2983 992 3004 Beccaria
1009 2983 1044 3004 dcl
1060 2983 1083 3004 tu
1140 2984 1209 3003 vento
1225 2983 1245 3003 in
1261 2982 1388 3009 Sartirana,
1405 2985 1487 3009 rogato
1502 2984 1531 3005 da
1548 2984 1692 3006 Lancellotto
1703 2983 1867 3010 Contalonicri,
1883 2985 1895 3005 il
1911 2985 2013 3011 capitolo

209 3025 309 3047 Antonio
333 3032 377 3047 una
402 3027 469 3053 vigna
485 3027 506 3048 di
522 3027 623 3053 quindici
649 3028 751 3054 pertiche
767 3028 788 3048 in
805 3028 922 3049 territorio
942 3028 984 3049 loci
1001 3027 1084 3053 Sparo-
1139 3027 1150 3048 e
1166 3027 1266 3048 formato
1282 3027 1341 3053 degli
1357 3028 1427 3049 stessi
1446 3028 1610 3055 Religiosi,piu
1621 3028 1691 3050 trater
1702 3029 1805 3050 Thomas
1813 3029 1841 3050 de
1852 3029 2011 3054 Carrnagnola.
