2305 3407
301 160 366 192 292

295 294 403 325 smodi
431 303 533 335 supzr
558 295 737 336 premissis
758 296 846 332 *inter
871 296 1008 327 easdem
1037 298 1149 336 partes
1175 296 1318 327 civiliter
1343 305 1455 328 coram
1491 296 1590 327 nobis
1624 297 1772 328 indecise
1798 297 1957 338 pendent,
1987 305 2118 337 suaque

292 356 370 387 dicti
399 357 566 397 magnifici
593 357 719 388 domini
747 358 976 397 procuratoris
1002 357 1128 388 fiscalis
1161 358 1290 389 ratione
1315 358 1366 389 sui
1392 357 1493 390 officii
1519 360 1551 390 et
1576 359 1675 390 eti.:n
1702 367 1763 399 pro
1789 367 1851 390 suo
1878 359 2040 391 interesse
2056 359 2119 390 cri-

293 419 405 449 minali
433 419 561 450 intersit
586 422 702 450 contra
729 428 964 459 quoscumque
990 420 1030 450 de
1057 420 1231 459 premissis
1258 419 1449 460 culpabiles
1482 423 1652 461 tamquam
1687 420 1845 452 falsarios
1871 421 2062 461 procedere,
2087 423 2119 452 et

293 481 452 521 quoniam
486 490 589 521 super
614 482 692 513 stilo
723 482 931 522 expediendi
959 482 1087 512 similes
1121 481 1247 513 litteras
1281 482 1399 512 nullibi
1434 482 1554 514 melius
1580 492 1680 522 quam
1709 483 1739 514 in
1777 481 1879 515 Curia
1906 482 2054 515 Romana
2087 485 2119 514 et

293 552 406 574 coram
447 543 545 575 nobis
582 545 742 584 cognosci
781 547 811 574 et
846 544 1014 574 terminari
1050 546 1182 583 potest:
1218 543 1345 574 ldcirco
1380 553 1440 584 pro
1475 547 1567 584 parte
1601 545 1765 576 dictorum
1799 545 2043 585 exponentium
2077 544 2118 576 de

293 607 486 646 opportuno
505 614 607 646 super
626 606 688 637 hoc
716 606 796 636 iuris
823 606 971 637 remedio
991 606 1155 645 requisiti,
1175 614 1236 636 vos
1256 604 1489 638 Reverendum
1509 605 1640 637 Patrem
1659 606 1831 637 dominum
1852 606 2061 647 Episcopum
2087 608 2119 638 et

295 666 461 699 Vicarium
487 668 677 699 antedictos
703 668 906 708 requirimus
924 670 954 698 et
982 668 1153 698 hortamur
1178 676 1216 698 ac
1244 668 1274 698 in
1303 666 1449 698 Domino
1474 670 1598 699 attente
1624 677 1795 709 rogamus,
1811 669 1979 708 vobisque
1999 668 2120 699 nihilo—

293 730 404 760 minus
422 738 460 760 ac
479 729 638 761 omnibus
656 733 687 761 et
713 730 858 770 siugulis
876 730 951 761 aliis
971 730 1176 769 supradictis
1203 730 1233 760 in
1252 730 1453 761 extensione
1472 731 1679 770 presentium
1706 731 1888 762 nominatis
1913 730 2118 762 comittimus

292 794 323 822 et
349 791 560 825 minuamus.
586 795 754 831 quatenus
781 792 892 822 statim
913 792 997 822 visis
1017 792 1234 832 presentibus
1261 791 1414 823 debeatis
1440 792 1504 823 sub
1531 793 1802 833 suspensionisa
1822 793 1959 830 divinis,
1984 801 2120 824 excom—

294 854 531 884 municationis
557 856 587 884 et
614 853 779 884 interdicti
805 853 950 893 aliisque
976 853 1220 885 ecclesiasticis
1246 854 1430 885 sentenciis
1447 856 1478 885 et
1503 854 1655 885 censuris
1680 863 1719 886 ac
1738 854 1998 895 quingentorum
2017 854 2120 886 duca-

292 919 399 946 torum
418 915 488 946 auri
508 915 548 946 de
567 913 720 947 Camera,
741 915 860 955 partim
881 916 964 955 parti
992 918 1023 946 et
1043 916 1162 955 partim
1190 914 1329 947 Camere
1348 916 1539 956 apostolice
1565 916 1845 956 applicandorum
1865 919 1896 948 et
1921 916 2119 957 persolven-

291 977 420 1011 dorum.
440 977 547 1017 penis,
566 977 703 1008 easdem
724 977 851 1008 litteras
877 978 1086 1018 apostolicas
1106 987 1201 1009 sacre
1229 977 1465 1009 penitentiarie
1481 981 1610 1009 asserte
1637 978 1904 1010 confirmationis
1923 978 2117 1019 supradicte

290 1039 497 1080 originaliter
515 1039 557 1070 ad
577 1048 639 1070 nos
658 1041 689 1070 et
709 1038 893 1072 &manain
913 1038 1048 1071 Curiam
1076 1044 1203 1080 q'ianto
1221 1041 1320 1071 citius
1348 1040 1415 1071 fieri
1436 1041 1589 1080 poteritis
1609 1049 1668 1080 pro
1696 1041 1811 1072 maiori
1831 1041 1932 1072 animi
1954 1041 2058 1072 nostri
2085 1043 2117 1072 et

291 1099 391 1133 Curie
410 1100 658 1138 informatione,
674 1103 799 1133 retenta
827 1110 887 1141 per
903 1110 965 1133 vos
981 1102 1109 1133 illarum
1136 1103 1233 1142 copia
1260 1102 1448 1133 auscultata
1475 1111 1550 1133 cum
1577 1111 1639 1134 suo
1655 1103 1792 1143 proprio
1807 1103 1972 1143 originali,
1988 1102 2120 1134 realiter

291 1165 414 1195 etcum
441 1162 563 1194 effectu
590 1164 821 1195 transmisisse
847 1172 885 1194 ac
912 1164 1089 1195 transmitti
1111 1164 1231 1196 fecisse
1258 1166 1288 1195 et
1308 1164 1488 1195 mandasse
1516 1165 1800 1205 presentibusque
1827 1165 1951 1196 nostris
1971 1165 2118 1196 mandati

294 1226 410 1257 litteris
430 1226 583 1265 paruisse
602 1226 687 1257 etde
714 1226 844 1257 illarum
872 1227 1036 1266 paritioue
1064 1235 1125 1258 nos
1145 1226 1228 1258 inira
1255 1227 1446 1267 quindecim
1474 1227 1601 1258 dierum
1621 1227 1767 1267 spatium
1793 1236 1811 1258 a
1831 1227 2120 1259 dieintimationis

293 1288 497 1328 presentium
524 1288 829 1328 computandorum
856 1289 1025 1320 docuisse.
1054 1288 1310 1320 Absolutionem
1338 1298 1417 1320 vero
1451 1289 1600 1320 omnium
1627 1291 1657 1321 et
1682 1289 1892 1330 singulorum
1919 1290 1976 1330 qui
2011 1289 2121 1330 prefa-

292 1353 377 1381 ctam
398 1353 545 1381 nostram
571 1351 934 1382 excommunicationis
960 1352 1162 1382 sententiam
1190 1352 1387 1382 incurrerint
1405 1352 1477 1383 sive
1503 1352 1676 1383 incurrerit
1694 1351 1950 1392 quoquomodo,
1969 1351 2069 1383 nobis
2087 1352 2119 1383 in

293 1416 465 1453 posterum
492 1421 717 1444 reservamus.
745 1412 776 1444 ln
803 1422 946 1453 quorum
973 1414 1122 1444 omnium
1149 1416 1179 1445 et
1205 1414 1416 1455 singulorum
1443 1414 1543 1445 fidem
1562 1416 1593 1445 et
1618 1414 1846 1445 testimonium
1866 1415 2119 1454 premissorum,

292 1478 468 1516 presentes
495 1478 629 1507 nostras
655 1475 781 1507 litteras
808 1476 931 1507 exinde
958 1476 1026 1507 fieri
1053 1480 1083 1508 ct
1110 1485 1169 1516 pei·
1195 1477 1360 1508 notarium
1388 1479 1539 1508 nostrum
1567 1476 1738 1517 publicum
1767 1476 2017 1517 infrascriptum
2036 1477 2118 1509 sub-

293 1539 393 1569 scribi
420 1538 591 1579 sigillique
618 1539 733 1577 nostri,
760 1548 827 1578 quo
855 1539 884 1569 in
913 1539 1081 1570 similibus
1108 1540 1240 1576 utimur,
1268 1540 1430 1571 iussimus
1455 1542 1487 1571 et
1512 1539 1653 1571 fecimus
1678 1540 1892 1580 appensione
1909 1540 2119 1571 communiri.

294 1600 416 1632 Datum
455 1600 570 1639 Rome,
598 1602 628 1632 in
662 1601 785 1632 edibus
820 1602 954 1637 nostris,
981 1602 1045 1633 sub
1079 1611 1167 1633 anno
1193 1611 1210 1632 a
1244 1601 1428 1633 Nativitate
1456 1600 1590 1633 Domini
1630 1602 1808 1634 millesimo
1845 1602 2120 1643 quingentesimo

293 1663 511 1703 sexagesimo
538 1663 656 1703 primo,
683 1664 865 1695 indictione
891 1666 1020 1703 quarta,
1046 1664 1099 1695 dic
1127 1673 1205 1695 vero
1238 1666 1360 1695 octava
1395 1664 1522 1695 mensis
1557 1664 1763 1702 novembris,
1791 1663 2013 1696 Pc‘ntificatus
2039 1662 2122 1696 San-

294 1726 435 1756 ctissimi
463 1724 597 1756 Domini
638 1726 741 1757 nostri
777 1725 910 1756 Domini
945 1725 993 1756 l'ii
1022 1725 1112 1766 Pape
1139 1726 1246 1766 quarti
1273 1735 1362 1757 anno
1395 1726 1468 1757 eius
1494 1726 1658 1763 secundo,
1685 1726 1904 1766 presentibus
1929 1725 1969 1757 D.
1996 1724 2122 1758 Cesare

293 1785 393 1818 Cotto
426 1787 466 1818 de
492 1786 666 1824 Quintiliis
697 1792 727 1818 et
764 1787 910 1818 Faliritio
944 1786 1093 1819 (jalletto
1130 1788 1269 1819 notariis
1304 1787 1461 1827 publicis,
1487 1790 1518 1818 et
1551 1796 1662 1819 coram
1697 1788 1796 1819 nobis
1822 1788 1944 1820 scribis
1977 1788 2121 1819 testibus

292 1849 333 1880 ad
362 1850 526 1889 premissa
554 1850 684 1881 vocatis
710 1850 899 1889 specialiter
925 1852 1026 1890 atque
1069 1850 1206 1890 rogatis.
1247 1849 1399 1881 Andreas
1429 1848 1596 1881 Girardus
1633 1848 1734 1882 Curie
1760 1848 1901 1882 Camere
1933 1850 2121 1891 apostolice

296 1913 446 1943 notarius
472 1909 533 1950 (l).

367 2069 385 2088 li
401 2068 426 2089 Αἰ
442 2069 468 2090 23
483 2068 599 2089 dice-mim*
618 2069 674 2089 1331.
691 2074 733 2088 con
750 2070 799 2088 :itta
822 2068 857 2088 ‹tt-i
878 2069 956 2089 notaio
979 2068 1042 2089 Delln
1064 2069 1126 2089 Mola
1144 2069 1178 2089 nel
1235 2069 1326 2090 vicario
1343 2069 1474 2094 t'originulc
1491 2070 1527 2090 del
1543 2069 1609 2090 detto
1621 2071 1736 2095 precetto.
1753 2069 1914 2090 cliicdendone
1929 2069 1950 2090 la
1966 2069 2112 2090 esecuzione.

298 2112 397 2133 Paiazzo
413 2112 535 2133 Vescovile
551 2112 571 2132 [li
590 2113 667 2134 l’uvizi.
684 2113 773 2133 innanti
792 2114 810 2132 ‘xl
826 2113 906 2133 duitor
923 2119 943 2133 in
967 2113 1047 2133 dii-1110
1065 2113 1177 2133 canonico
1287 2114 1331 2134 Tm
1347 2114 1376 2139 gli
1397 2114 1439 2134 atti
1455 2114 1516 2134 dello
1532 2116 1610 2135 stesso
1630 2114 1710 2135 notaio
1725 2119 1783 2135 sono
1798 2114 1871 2135 anche
1886 2114 1906 2135 le
1921 2114 2004 2135 lettere
2023 2114 2112 2139 patenti

297 2157 398 2177 Antonio
418 2157 493 2177 i'tlurio
516 2157 602 2178 cavalli
623 2157 714 2178 vicario
737 2158 850 2177 (icticrale
872 2158 930 2177 <tella
955 2158 1022 2177 Curia
1048 2158 1177 2179 t'escoi'ilc.
1235 2158 1254 2178 lu
1269 2158 1385 2179 dicembre
1404 2158 1461 2183 1501,
1477 2164 1520 2179 con
1540 2158 1576 2179 cui
1593 2158 1673 2179 Marco
1689 2158 1820 2183 Gauinara,
1835 2158 1948 2179 canonico
1964 2158 2000 2178 del
2020 2157 2112 2180 Duomo

296 2202 441 2222 constitutus
463 2201 605 2222 reverendus
628 2202 736 2222 dominus
760 2202 829 2222 sititet·
853 2202 874 2222 Γ»
910 2202 1016 2227 baptista
1043 2202 1070 2223 tle
1095 2202 1177 2223 f’zillcis
1234 2209 1245 2223 e
1260 2203 1420 2223 siibccouomo
1436 2203 1495 2223 della
1512 2202 1603 2223 Diocesi
1621 2203 1642 2223 di
1660 2202 1738 2227 Pavia,
1754 2203 1874 2223 autorizza
1890 2202 2023 2223 t'avvocato
2034 2202 2113 2224 fiscale

297 2246 652 2267 Ordinislleremitnrunisuncti
670 2246 832 2269 :tii-‹gusiiiiistn
845 2248 886 2267 linc
899 2250 964 2272 purte
975 2247 1079 2267 <indicus
1091 2249 1112 2267 ct
1126 2253 1177 2272 pro-
1233 2247 1375 2268 alessandro
1391 2247 1514 2268 Pallanteri
1531 2252 1542 2267 e
1559 2247 1563 2267 i
1580 2246 1689 2273 Religiosi
1705 2247 1727 2267 di
1743 2246 1765 2268 S.
1782 2247 1896 2271 Agostino
1907 2246 1949 2267 edi
1966 2246 1988 2267 S.
2001 2246 2112 2268 Mostiola

297 2293 392 2312 curator
407 2291 554 2312 dominorum
572 2291 657 2312 Prioris
676 2294 698 2312 et
715 2292 819 2312 Fratrum
833 2294 1026 2312 nwnnstcrwriiiii
1043 2295 1177 2313 sumturum
1234 2298 1245 2312 :i
1262 2292 1369 2312 cliiedcre
1384 2292 1397 2312 l'
1408 2292 1547 2312 esecuzione
1562 2292 1621 2312 della
1638 2292 1720 2312 lettera
1736 2291 1865 2312 surriferita
1881 2290 2042 2312 dell'Uditore
2056 2296 2113 2317 apo-

296 2336 419 2361 Augustini
436 2338 457 2356 et
474 2335 594 2356 Mustiollc
610 2337 678 2357 liuius
694 2336 772 2356 civitat
786 2342 795 2356 s
813 2336 891 2361 l'upie,
909 2339 1017 2361 presi-uta
1033 2337 1078 2356 :illu
1099 2341 1177 2357 stesso
1233 2337 1325 2357 stulico.
