2305 3407
241 132 285 164 54

236 264 278 295 ad
305 273 437 295 ornnem
465 263 589 295 bonum
615 264 714 294 tinem
741 265 771 294 et
797 263 949 294 effectum
976 263 1068 303 quod
1095 263 1158 294 sibi
1185 265 1216 294 et
1242 260 1382 294 Ordinis
1407 270 1469 294 suo
1495 262 1659 303 prodesse
1685 264 1873 303 possunt,...
1892 264 1923 294 et
1940 262 1983 294 ad
2002 262 2060 294 de-

236 326 452 358 clarationem
479 326 580 357 animi
607 326 658 357 sui
685 327 717 357 et
744 327 777 367 ut
803 334 938 365 semper
963 327 1125 365 appareat
1151 324 1193 356 de
1219 325 1292 356 eius
1319 324 1493 356 voluntate
1519 325 1610 364 quod
1638 333 1703 355 non
1723 325 1864 356 intendit
1883 325 1984 356 modo
2001 325 2062 356 ali-

236 397 304 428 quo
331 389 415 428 ipsis
441 386 625 420 Canonicis
650 388 831 419 convenire
858 388 889 418 in
917 388 991 428 ipsa
1017 386 1242 418 celebratione
1269 387 1460 418 divinorum
1487 386 1683 419 officiorum.
1711 387 1869 428 precipue
1885 387 1947 419 nisi
1967 387 2061 428 prius

235 450 407 491 legiptime
433 452 565 482 constet
590 452 621 481 et
646 453 788 490 apparet
814 450 854 481 de
880 449 936 481 tali
964 452 1119 490 pretensa
1145 451 1176 480 et
1203 448 1383 480 vociferata
1415 449 1570 480 cessione
1607 457 1666 480 seu
1704 449 1931 490 resignatione
1968 450 2059 490 quod

233 513 276 543 sit
303 512 473 554 legiptime
499 512 598 545 tacta.
624 513 768 544 accessit
794 512 836 544 ad
863 513 1066 553 presentiam
1101 512 1273 543 reverendi
1312 512 1416 552 patris
1453 512 1579 543 domini
1617 512 1756 552 dompni
1798 511 1978 553 Thimotey
2017 512 2059 543 de

234 573 366 606 Putlteo
392 584 491 616 quem
519 576 662 616 primum
690 575 800 606 locum
827 575 978 606 obtinere
1006 575 1088 605 vidit
1114 583 1172 606 seu
1201 575 1368 615 prioratus
1393 574 1540 606 officium
1567 574 1675 606 tacere
1704 584 1746 606 ex
1777 577 1870 615 parte
1894 575 2058 606 dictorum

232 635 482 669 Canonicorum
510 638 796 674 Lateranensium,
822 640 852 668 et
879 637 1122 669 venerabilium
1151 637 1364 668 dominorum
1392 636 1431 668 D.
1459 636 1590 668 Andree
1625 637 1761 675 vicarii,
1799 635 1839 668 D.
1865 636 2060 675 Theodori,

233 698 272 731 D.
299 698 496 735 Clierubini.
523 699 562 731 D.
589 699 765 737 Leonardi,
792 699 831 730 D.
860 699 1052 740 Raphaelis,
1079 698 1118 731 D.
1145 699 1357 740 Archangeli,
1385 698 1424 730 D.
1444 698 1622 737 Desiderii,
1640 698 1680 730 D.
1698 699 1875 737 Francisci‚
1894 698 1934 730 D.
1953 698 2062 731 Bene-

232 763 323 800 dicti,
351 762 389 793 D.
406 761 626 800 Silvestri,D.
643 762 816 800 Liberalis,
843 761 883 793 D.
911 760 1074 799 Severini,
1100 760 1140 793 D.
1167 761 1311 799 Andree,
1337 760 1377 792 D.
1405 761 1540 799 Ubaldi‚
1566 762 1716 792 omniurn
1732 759 1981 794 Canonicorum
2002 760 2064 794 Re-

233 825 398 865 gulariuni
426 825 504 856 dicti
532 824 672 856 Ordinis
698 825 804 856 sancti
832 823 1012 865 Augustini
1039 824 1080 855 de
1106 824 1329 856 observancia
1345 825 1408 855 iam
1425 824 1511 855 dicte
1526 822 2062 865 Congregationislateranensis,

233 887 356 918 ibidem
384 888 601 927 presentium.
627 887 822 918 audentium
850 889 881 918 et
908 887 1162 927 inteligentiuin,
1189 889 1219 918 et
1244 887 1287 918 ab
1313 887 1362 918 eis
1388 887 1515 927 petiit...
1541 887 1606 918 sibi
1632 887 1732 918 tidem
1759 887 1964 927 legiptimam
1991 886 2060 917 fieri

232 950 273 981 de
300 950 494 981 huiusmodi
523 950 586 980 iani
613 950 669 980 diu
696 949 881 981 vociferata
907 949 1064 981 cessione
1090 951 1121 980 et
1147 949 1373 990 resignatione
1399 949 1491 989 quod
1518 949 1690 990 legiptima
1709 950 1751 981 sit
1770 951 1801 980 et
1819 949 1905 980 tacta
1923 949 1964 980 de
1983 957 2062 980 con-

233 1020 336 1043 sensu
364 1012 637 1044 reverendissimi
665 1012 790 1043 domini
818 1012 945 1043 domini
973 1011 1157 1052 Raphaelis
1183 1014 1379 1043 sacrosante
1406 1010 1555 1044 Romane
1581 1011 1729 1043 Ecclesie
1755 1011 1839 1042 tituli
1866 1010 1897 1043 S.
1924 1009 2061 1053 Georgii

231 1073 425 1106 Cardinalis
451 1078 483 1106 et
510 1075 620 1115 ipsius
647 1075 844 1106 monasterii
871 1077 902 1105 et
927 1074 1062 1106 abbatie
1089 1074 1196 1105 sancti
1224 1072 1311 1105 Petri
1339 1074 1370 1104 in
1397 1072 1479 1105 Celo
1511 1082 1614 1105 aureo
1655 1074 1808 1114 perpetui
1846 1073 2063 1105 commenda-

232 1137 341 1168 tarii.u
367 1139 398 1168 et
425 1137 481 1168 ubi
509 1137 549 1168 de
575 1137 632 1168 tali
659 1137 833 1178 legiptima
859 1137 1015 1168 cessione
1041 1145 1100 1167 seu
1128 1136 1356 1177 resignatione
1382 1138 1537 1168 constare
1563 1145 1629 1167 non
1656 1136 1776 1176 possit.
1803 1136 1918 1167 vellint
1943 1145 1985 1167 ex
2004 1135 2063 1167 de-

233 1200 302 1230 bito
328 1202 359 1231 et
385 1208 445 1240 pro
473 1199 562 1230 bono
579 1200 673 1240 pacis
691 1200 734 1231 ab
750 1200 825 1240 ipsa
851 1199 996 1231 ecclesia
1011 1201 1132 1239 sponte
1148 1199 1304 1230 recedere
1320 1200 1351 1230 et
1365 1199 1489 1230 amodo
1505 1199 1668 1230 desistere
1682 1198 1724 1230 ab
1744 1199 1818 1239 ipsa
1836 1198 2062 1230 celebratione

232 1262 423 1293 divinorum
451 1260 714 1302 officiorum(l),
741 1264 867 1294 attento
894 1262 984 1302 quod
1012 1262 1085 1302 ipse
1112 1260 1211 1293 Pater
1236 1260 1460 1292 Provincialis
1486 1261 1526 1292 de
1554 1261 1726 1292 voluntate
1752 1261 1918 1292 contraria
1944 1260 2061 1301 prefati

234 1325 510 1356 reverendissimi
538 1325 664 1356 domini
692 1323 885 1357 Cardinalis
911 1327 942 1356 et
967 1323 1255 1357 Cominendatarii
1283 1332 1318 1355 se
1338 1323 1539 1355 infornatum
1559 1332 1636 1355 esse
1654 1324 1774 1355 asserit
1792 1325 1823 1355 et
1841 1323 1946 1355 credit
1964 1324 2060 1364 ipsos

232 1388 391 1419 dominos
418 1386 566 1419 Priorem
593 1391 624 1419 et
650 1386 846 1420 Canonicos
871 1396 947 1419 esse
975 1387 1152 1425 intruxos;
1178 1389 1210 1418 et
1235 1387 1333 1418 etiam
1361 1387 1458 1426 quia,
1486 1386 1541 1417 ubi
1569 1395 1634 1417 non
1661 1388 1824 1426 appareat
1849 1386 1891 1417 de
1917 1394 1996 1417 vera
2033 1387 2063 1417 et

303 1547 322 1567 1)
339 1546 480 1571 L'esigenza
497 1545 532 1565 del
550 1544 693 1566 provinciale
709 1545 769 1571 degli
786 1545 911 1566 Erernitani
935 1550 1024 1571 appare
1047 1544 1121 1570 ragio-

233 1590 324 1615 nevole,
341 1590 375 1610 sia
392 1589 476 1615 perche
492 1590 506 1610 il
522 1595 635 1615 possesso
652 1590 688 1610 del
704 1589 842 1610 monastero
858 1589 880 1610 di
897 1589 920 1610 S.
937 1589 1015 1610 pietro
1031 1595 1042 1610 e
1058 1589 1118 1610 della

233 1635 326 1659 Cliiesa,
343 1635 364 1655 di
381 1635 416 1655 cui
433 1635 462 1660 gli
481 1634 605 1655 Eremitani
622 1640 692 1655 erano
709 1636 775 1660 parte
791 1635 941 1659 interessata,
953 1633 1016 1655 losse
1027 1633 1086 1655 tatto
1098 1634 1119 1654 in

235 1679 305 1699 niodo
321 1681 439 1703 corrett0;
457 1679 490 1699 sia
507 1679 592 1704 perche
608 1679 761 1703 all'ingresso
782 1679 817 1699 dei
842 1679 992 1703 Lateranesi,
1015 1684 1081 1699 coine
1103 1679 1121 1699 si

234 1724 292 1744 vede
309 1724 345 1744 dal
363 1724 504 1744 documento
520 1724 532 1744 7
548 1725 633 1749 agosto
651 1724 709 1749 1509,
733 1729 771 1744 era
794 1724 911 1744 contraria
927 1724 947 1744 la
965 1723 1121 1749 popolazione

230 1773 326 1794 pavese.
343 1768 399 1789 Vedi
417 1769 430 1788 il
447 1768 498 1788 doc.
515 1768 552 1788 del
567 1768 593 1788 22
608 1768 707 1793 germaio
726 1768 783 1789 1504.

289 1813 337 1833 Alia
354 1813 464 1834 ricliiesta
481 1813 501 1833 di
519 1813 577 1834 irate
599 1813 768 1834 Fraiicescliino
789 1813 855 1834 Boidi
879 1813 907 1833 da
930 1813 1093 1838 Castellazzo,
1115 1814 1120 1833 i

236 1857 369 1878 Lateranesi
387 1858 505 1883 risposero
517 1858 538 1878 in
551 1857 620 1878 modo
632 1858 739 1882 generice
751 1857 779 1878 ed
791 1857 896 1883 evasivo,
908 1858 985 1883 percio
998 1858 1040 1882 egli
1053 1858 1124 1879 emise

236 1907 280 1922 una
298 1902 487 1927 controrisposta
503 1902 633 1922 insistendo
659 1902 718 1922 uella
740 1901 799 1922 latta
822 1902 952 1922 domanda:
976 1903 1053 1928 questi
1075 1903 1120 1923 due

235 1946 278 1966 atti
294 1952 353 1966 sono
370 1952 427 1972 pure
444 1946 464 1966 di
481 1946 539 1967 Gian
555 1946 651 1967 Alberto
667 1946 785 1967 Morasco.
803 1946 932 1967 lCanonici
948 1946 1020 1967 allora
1036 1947 1123 1967 cubem

236 1991 324 2011 ricorso
340 1990 369 2010 ad
385 1990 473 2011 Ottone
490 1990 627 2015 Castiglioni
644 1991 665 2011 di
682 1991 780 2017 Milano,
803 1991 852 2011 loro
875 1991 1048 2012 Conseri-aiore
1069 1997 1124 2017 apo-

236 2035 329 2058 stolico,
346 2036 387 2056 elie
404 2035 451 2055 cito
467 2035 496 2059 gli
514 2035 638 2056 Eremitani
654 2036 699 2056 alla
715 2041 757 2056 sua
774 2041 895 2061 presenza.
913 2035 994 2060 Questi
1015 2036 1122 2057 radunati

237 2080 291 2100 tutti
309 2080 330 2100 in
347 2080 456 2105 Capitoli)
482 2080 519 2100 dal
537 2079 560 2100 Ρ.
579 2079 740 2105 Provinciale,
766 2080 880 2106 delegatio
904 2086 916 2101 a
942 2081 1078 2106 rispoudere
1101 2081 1122 2101 al

236 2124 408 2145 Conservatore
425 2125 429 2144 i
446 2124 497 2145 trati
515 2124 594 2145 Nicola
611 2125 638 2145 de
656 2125 796 2150 Valdenosa,
813 2125 904 2150 Dionigi
921 2125 949 2145 da
966 2125 1062 2151 Milano,
1078 2125 1124 2146 Gu-

237 2169 329 2194 glielnio
345 2169 373 2189 da
391 2169 486 2193 Milano,
504 2169 618 2193 Agostino
631 2169 659 2189 da
672 2169 736 2195 Lodi,
754 2170 808 2190 tutti
820 2169 944 2190 diniomnti
955 2170 975 2190 in
988 2170 1084 2195 Milano,
1096 2170 1124 2191 ed

237 2214 250 2233 il
267 2214 386 2234 causidico
403 2214 460 2234 Gian
477 2214 591 2238 Agnstino
608 2214 718 2234 Morasco
735 2214 756 2234 di
774 2214 852 2235 Pavia.
871 2215 899 2235 La
917 2220 1016 2240 procura
1032 2215 1043 2235 e
1060 2217 1123 2235 stesa

237 2259 257 2278 ai
275 2258 287 2278 2
303 2258 324 2278 di
341 2260 426 2283 agusto
443 2258 479 2278 dal
497 2259 576 2278 notaio
600 2258 657 2279 Ciian
682 2259 778 2279 Alberto
802 2259 919 2280 Morasco.
942 2259 1124 2285 Componevano

238 2303 275 2328 poi
293 2303 305 2323 il
323 2302 432 2328 Capitoli>
449 2303 452 2322 i
470 2303 591 2327 seguenti:
610 2311 617 2318 ‹=
677 2302 826 2324 Reverendus
843 2304 863 2323 in
880 2304 974 2324 Cliristo
998 2306 1064 2329 pater
1086 2304 1126 2324 do·

238 2352 313 2367 miuus
330 2347 440 2371 nl]‡ister
457 2347 633 2367 Francis-chinus
645 2347 672 2367 de
684 2347 824 2371 Castelacio,
839 2347 989 2368 Provincialis
1002 2348 1122 2369 Provincie

239 2392 385 2416 Lombardie,
402 2394 424 2412 et
441 2398 491 2412 cum
509 2398 561 2412 eo...
579 2392 698 2413 reverendi
716 2398 781 2413 sacre
809 2393 892 2417 pagine
915 2393 1063 2418 protes-sores
1085 2394 1124 2413 do-

239 2437 291 2456 mini
309 2437 419 2461 magister
437 2437 549 2457 lohannes
566 2436 728 2457 Bertolameus
745 2437 772 2457 ile
795 2437 935 2461 Valmaclia,
959 2438 1070 2462 magister
1093 2438 1125 2458 lo-

239 2481 326 2501 li‘iunes
337 2480 498 2501 nstrata-neus
510 2481 537 2501 de
550 2480 699 2505 Castellacio,
712 2482 822 2506 magister
835 2481 918 2502 Petrus
929 2482 957 2502 dc
969 2482 1125 2507 Castronovo,

240 2526 350 2550 magister
366 2526 493 2549 Gregorius
509 2526 536 2546 de
554 2526 676 2550 Vercellis,
695 2526 805 2551 magister
829 2526 964 2547 Leonardus
987 2527 1014 2547 de
1036 2526 1122 2552 Spedia

239 2575 328 2594 regens,
355 2571 465 2593 magister
483 2570 610 2590 ieronimus
627 2570 655 2590 de
673 2570 751 2593 Lenta,
778 2571 923 2591 venerabiles
946 2571 1032 2591 domini
1055 2571 1125 2591 trater

241 2613 323 2633 l‘eirus
339 2614 367 2633 tle
392 2614 492 2634 Canellis
518 2615 680 2639 baclialarius,
706 2614 777 2635 irater
802 2615 911 2635 Albertus
937 2615 964 2635 de
989 2615 1124 2636 Mediolano

240 2658 312 2677 lector
328 2658 489 2681 (vinicellam).
507 2658 577 2678 trater
595 2659 707 2679 lohannes
724 2659 751 2679 de
768 2659 853 2683 Tricio,
870 2659 940 2679 trater
964 2659 1073 2680 Nicolaus
1096 2660 1124 2680 de

240 2701 357 2725 Facirdis,
375 2701 444 2722 irater
462 2702 548 2722 l‘aulus
571 2703 598 2723 de
624 2703 709 2728 l’apia,
733 2703 804 2723 trater
831 2703 917 2724 Paulus
940 2703 967 2724 de
990 2703 1121 2725 Castelacio

239 2750 328 2767 cursor.
346 2745 416 2765 trater
440 2746 556 2766 Ansanius
573 2747 600 2766 de
623 2746 775 2772 Codognola,
792 2747 863 2768 trater
879 2747 1078 2773 Micliaclaugclus
1095 2748 1123 2769 de

240 2788 320 2814 Papia,
337 2788 407 2809 trater
432 2790 544 2810 lohannes
568 2790 683 2811 Antonius
705 2791 732 2811 de
756 2791 896 2817 Castelacin,
920 2792 991 2812 trater
1010 2792 1125 2813 Antonius

241 2834 270 2854 de
287 2834 391 2859 Francia,
409 2833 479 2855 trater
496 2834 632 2855 Vincentius
647 2835 675 2855 de
692 2835 804 2858 Bononia.
829 2835 899 2856 irater
923 2836 1009 2857 Paulus
1032 2836 1060 2857 de
1084 2836 1128 2858 Bu-

241 2878 317 2903 giella,
334 2877 404 2899 trater
430 2878 575 2903 Augustinus
591 2879 619 2899 de
636 2879 731 2905 l‘adua,
754 2879 825 2900 irater
848 2880 965 2906 Remigius
986 2881 1121 2905 alamanus,

241 2921 312 2943 trater
330 2922 420 2943 Lucitas
437 2922 464 2943 de
481 2922 640 2949 Romassnano,
657 2923 727 2944 trater
753 2924 866 2945 lohannes
889 2924 996 2950 Baptista
1021 2925 1049 2946 de
1072 2925 1130 2946 Fivi-

242 2972 310 2992 zano,
326 2966 397 2988 irater
413 2967 540 2992 Gregorius
557 2968 585 2988 de
601 2968 730 2993 Mangiaria
742 2985 747 2993 ,
770 2968 841 2989 irater
866 2969 962 2995 Egidius
989 2969 1126 2995 alamanus,

243 3010 315 3032 trater
330 3011 441 3032 Nicolaus
456 3011 485 3033 de
501 3011 635 3037 Belinzona,
651 3011 722 3033 irater
738 3012 852 3034 lohannes
875 3013 983 3039 Baptista
999 3014 1028 3034 de
1050 3013 1131 3035 Roma-

1176 1549 1260 1570 gnano,
1277 1543 1348 1564 irater
1364 1543 1478 1564 lohannes
1494 1543 1581 1564 paulus
1597 1543 1625 1564 de
1641 1543 1721 1569 Papia,
1738 1543 1809 1564 trater
1820 1543 1925 1564 Andreas
1937 1543 1964 1563 de
1977 1542 2058 1569 papia,

1174 1588 1245 1609 trater
1261 1588 1385 1609 Haurelius
1401 1588 1428 1609 de
1445 1588 1541 1613 Candia,
1558 1587 1629 1609 trater
1644 1588 1760 1609 Antonius
1776 1588 1803 1608 de
1819 1587 1966 1613 Castelacio,
1988 1587 2059 1608 trater

1176 1633 1287 1654 Nicolaus
1303 1632 1331 1654 de
1353 1632 1543 1659 Carniagnola,..,
1567 1633 1606 1658 qui
1622 1632 1709 1654 iaciunt
1732 1634 1807 1653 totum
1823 1634 1845 1653 et
1861 1633 1976 1658 integrum
1998 1633 2056 1659 capi-

1178 1678 1252 1698 tulum
1270 1677 1353 1703 prelati
1370 1677 1513 1698 monasterii.

1230 1722 1326 1743 Scmbra
1343 1722 1399 1748 pero
1415 1722 1456 1742 clie
1472 1722 1493 1742 la
1509 1727 1579 1742 causa
1605 1727 1649 1742 non
1665 1722 1684 1742 si
1700 1722 1821 1747 svolgesse
1843 1722 1935 1743 dinanzi
1958 1722 1978 1742 al
2001 1721 2060 1743 Con-

1178 1768 1298 1787 servatore
1314 1766 1466 1792 Castiglioue,
1483 1772 1495 1787 a
1511 1767 1546 1787 cui
1563 1767 1614 1787 anzi
1631 1765 1653 1787 tu
1670 1767 1793 1787 sostituito
1809 1772 1838 1787 un
1854 1767 1922 1792 altro,
1940 1772 2005 1787 coine
2020 1771 2060 1792 ap-

1178 1812 1268 1837 parisce
1284 1811 1321 1832 dal
1337 1812 1449 1837 seguente
1465 1811 1614 1836 documento,
1631 1812 1713 1837 rogato
1729 1811 1749 1831 ai
1768 1811 1790 1831 17
1805 1812 1890 1837 agosto
1908 1811 1958 1832 1509
1973 1811 2010 1832 dal
2022 1817 2061 1832 no-

1179 1857 1227 1877 taio
1243 1856 1300 1877 Gian
1317 1856 1413 1876 Alberto
1429 1855 1554 1876 Morasco:
1572 1855 1594 1876 ln
1611 1855 1728 1876 Canonica
1744 1855 1841 1876 ecclesie
1857 1855 1951 1876 maioris
1974 1855 2059 1881 Papie,

1176 1909 1187 1917 (τ
1203 1900 1352 1922 Reverendus
1368 1901 1389 1921 in
1405 1900 1498 1922 Cliristo
1515 1902 1581 1926 pater
1597 1900 1705 1920 domiuus
1721 1900 1834 1921 lohannes
1850 1900 1878 1921 de
1895 1900 2061 1921 Preottouibus

1178 1946 1275 1966 ecclesie
1291 1946 1386 1966 maioris
1402 1945 1521 1971 papiensis
1537 1945 1681 1971 prepositus,
1697 1945 1765 1965 iudex
1782 1946 1804 1965 et
1826 1946 1978 1966 conservator
2000 1945 2061 1971 Apo-

1179 1991 1237 2011 licus
1253 1991 1354 2011 dominis
1371 1990 1508 2011 Pravis-,ciali
1525 1989 1646 2010 provincie
1663 1989 1801 2010 Lonibardie
1816 1989 1909 2011 Ordinis
1934 1990 2061 2011 Heremita-

1178 2041 1227 2056 runi
1244 2035 1317 2056 sancti
1335 2035 1458 2060 Augustini
1474 2040 1501 2055 ac
1518 2034 1590 2055 priori
1607 2036 1628 2055 et
1646 2035 1766 2055 Fratribus
1781 2035 1855 2055 sancti
1871 2034 1994 2059 Augustini
2011 2040 2061 2060 pre-

1178 2080 1232 2101 dicti
1248 2080 1381 2106 specialiter
1397 2080 1534 2105 depuratus,
1551 2085 1592 2100 nec
1608 2085 1653 2100 non
1676 2081 1698 2100 et
1721 2079 1862 2100 reverendus
1885 2079 1993 2100 dominus
2015 2085 2061 2101 ma-

1178 2124 1250 2150 gister
1267 2125 1443 2145 Franciscliinus
1459 2124 1487 2144 de
1503 2124 1634 2145 Castelacio
1651 2123 1802 2145 Provincialis
1818 2124 1937 2145 provincie
1954 2124 2062 2145 Lonibar-

1180 2169 1216 2189 die
1232 2169 1325 2190 Ordinis
1341 2169 1414 2189 sancti
1431 2169 1554 2194 Augustini
1571 2168 1677 2194 predicti,
1693 2169 1863 2190 costituiseono
1879 2169 1928 2189 loro
1953 2174 2062 2194 procura-

1178 2214 1231 2239 tori,
1248 2213 1355 2234 videlicet
1368 2214 1418 2240 ipse
1430 2213 1572 2234 reverendus
1588 2214 1696 2234 dominus
1709 2213 1822 2234 lohannes
1841 2213 1951 2235 Stetanus
1967 2213 2060 2234 Petrum

1181 2259 1293 2284 Foppain,
1318 2258 1433 2279 Andream
1457 2257 1627 2278 Garbuuarium
1650 2260 1672 2278 ct
1699 2258 1854 2278 Lumbardum
1877 2258 1905 2279 de
1929 2257 2060 2279 Castclacio

1180 2308 1261 2323 onmes
1277 2303 1410 2323 habitantes
1426 2303 1528 2323 civitatis
1543 2302 1684 2327 Mediolani;
1701 2301 1806 2328 prelatus
1822 2308 1876 2323 vero
1892 2302 2000 2323 dominus
2016 2308 2061 2323 uia-

1178 2348 1250 2372 gister
1272 2347 1449 2368 Francis-chinus
1478 2347 1596 2371 dominum
1618 2347 1712 2368 tratrem
1735 2347 1854 2368 Nicolaum
1880 2347 1907 2367 de
1929 2347 2060 2368 Vallenucis

1181 2392 1283 2413 Priorem
1300 2392 1434 2412 monasterii
1451 2392 1524 2412 sancti
1541 2392 1612 2412 Marci
1629 2392 1765 2417 Mediolani,
1777 2392 1912 2417 magistrum
1928 2391 2059 2412 Dionisiuin

1180 2437 1208 2457 de
1224 2437 1331 2462 Ayroldis
1347 2439 1368 2457 et
1386 2437 1522 2462 magistrum
1540 2436 1664 2457 Antonium
1688 2436 1716 2457 de
1738 2436 1868 2457 casaniaria
1891 2442 1956 2457 sacre
1978 2436 2061 2462 pagine

1182 2481 1354 2506 protessores...
1380 2481 1513 2507 specialiter
1536 2481 1565 2501 ad
1591 2481 1772 2506 comparentium
1789 2483 1810 2501 et
1829 2486 1854 2501 se
1879 2480 2060 2505 presentandum

1179 2531 1256 2546 curam
1273 2525 1400 2546 reverendo
1416 2525 1509 2546 domino
1525 2525 1584 2546 trate
1600 2525 1696 2546 Marciio
1712 2525 1739 2545 de
1755 2524 1893 2546 Christianis
1908 2524 2002 2545 Ordinis
2017 2525 2062 2545 Hu-

1181 2570 1320 2590 miliatorum
1338 2572 1447 2596 protenso
1464 2570 1586 2595 preposito
1602 2570 1699 2590 ecclesie
1714 2569 1788 2590 sancti
1804 2569 1887 2589 Marini
1908 2568 2003 2594 Creme,
2025 2575 2061 2589 as-

1179 2617 1242 2635 serto
1259 2614 1334 2635 iudice
1350 2617 1371 2635 et
1389 2617 1555 2635 conservatore
1570 2614 1702 2640 apostolico
1718 2613 1846 2634 reverendo
1857 2616 1878 2634 et
1890 2613 2062 2634 venerabilibus

1180 2659 1279 2680 dominis
1295 2659 1398 2684 dompno
1414 2659 1537 2679 Thinioteo
1553 2659 1581 2679 de
1598 2658 1687 2679 putlieo
1703 2660 1813 2684 pretenso
1831 2658 1902 2679 Priori
1924 2664 1965 2679 seu
1989 2658 2062 2679 presi-

1178 2703 1240 2724 denti
1257 2705 1278 2724 et
1295 2703 1418 2724 Canonicis
1434 2704 1507 2724 sancti
1525 2703 1586 2724 petri
1602 2703 1623 2724 in
1640 2703 1695 2724 Celo
1711 2703 1787 2724 Aureo
1804 2702 1883 2729 Papie,
1905 2702 1998 2723 Ordinis
2020 2702 2062 2724 Ca-

1178 2749 1313 2769 nonicorurn
1331 2748 1477 2773 Regularium
1494 2748 1567 2769 sancti
1584 2748 1707 2773 Augustini
1723 2747 1752 2768 de
1767 2747 1946 2768 observancia...
1972 2748 2061 2774 specia-

1181 2792 1233 2813 liter
1248 2792 1389 2818 dcmstato...
1406 2793 1532 2813 occaxione
1548 2781 1701 2818 quarumdam
1717 2793 1860 2812 assertaruni
1879 2792 2008 2813 litterarum
2024 2792 2062 2813 de-

1182 2837 1364 2858 nuntiativaruni
1382 2839 1428 2857 tam
1444 2838 1525 2857 contra
1542 2842 1583 2857 eos
1599 2842 1668 2862 quain
1685 2839 1707 2857 et
1723 2838 1804 2857 contra
1826 2836 1934 2857 dominos
1959 2836 2061 2857 Priorem

1179 2883 1201 2902 et
1218 2882 1310 2902 Fratres
1325 2881 1399 2902 sancti
1416 2881 1539 2906 Augustini
1556 2881 1684 2906 papiensiS,
1700 2883 1724 2901 ut
1741 2881 1825 2901 dicitur
1846 2886 2010 2902 concessarum
2032 2881 2062 2901 ad

1185 2925 1322 2946 instanciam
1345 2925 1448 2950 ipsorum
1472 2924 1642 2945 Canonicorum
1659 2925 1798 2951 regularium
1814 2926 1836 2946 et
1851 2925 1881 2946 ab
1896 2925 1930 2946 eis
1944 2925 2063 2951 appellan-

1183 2970 1237 2990 dum
1253 2971 1275 2990 et
1291 2969 1319 2990 de
1334 2969 1440 2990 nullitate
1456 2969 1642 2995 proponendum,
1658 2971 1703 2990 etc.
