2305 3407
262 155 323 187 182

258 289 366 319 iudice
393 287 608 328 competenti,
635 285 848 317 ecclesiatico
875 284 926 316 vel
953 284 1051 315 etiam
1079 283 1233 320 seculari,
1259 291 1334 314 cum
1361 281 1519 312 facultate
1546 281 1576 312 in
1604 281 1718 312 causis
1752 279 1969 320 procedendi,
1995 279 2074 310 acti-

256 350 358 387 tandi,
385 352 622 390 procuratores
649 347 857 383 instit'uendi,
893 348 1154 377 conservatores
1190 344 1348 385 elligendi
1375 346 1405 375 et
1431 343 1542 374 omnia
1575 343 1720 383 denique
1754 342 1982 383 prosequendi
2009 350 2074 381 que

255 420 272 442 a
300 410 386 443 Sede
413 411 612 451 Apostolica
640 411 752 441 nostre
780 408 944 448 Religioni
983 416 1146 439 concessa
1181 407 1231 438 vel
1259 406 1388 437 indulta
1426 408 1513 436 sunt.
1551 405 1755 436 Huiusmodi
1793 407 1902 436 autem
1935 412 2073 435 conces-

255 475 385 505 sionem
412 473 658 513 amplissimam
686 472 744 503 tibi
773 471 925 507 facimus,
953 472 1129 510 sperantes
1155 472 1185 500 te
1213 478 1278 500 non
1306 469 1368 499 nisi
1396 468 1589 508 prudenter,
1629 467 1779 498 modeste
1805 475 1843 498 ac
1871 475 1931 506 pro
1957 474 2074 497 neces-

254 537 351 567 sitate
379 544 528 573 usurum,
556 535 670 566 habito
698 543 754 574 pre
780 534 888 565 oeulis
913 533 1071 564 continue
1099 533 1224 563 honore
1251 531 1436 572 Religionis
1461 534 1491 562 et
1519 529 1887 561 incrementoeiusdem
1922 537 1996 560 cum
2023 537 2075 559 sa-

254 599 319 630 lute
345 599 455 629 anime
481 600 545 628 tue.
574 597 606 628 ln
633 597 731 628 euius
758 597 802 628 rei
832 597 929 627 tidem
950 599 1124 635 presentes
1151 594 1277 625 litteras
1304 602 1402 624 manu
1423 595 1535 624 nostra
1556 593 1700 632 scriptas
1719 594 1882 623 consueto
1903 590 2074 622 Provintie

254 661 367 701 sigillo
393 660 642 697 roboravimus,
670 660 700 690 in
728 659 871 690 Nomine
910 658 1019 689 Patris
1045 660 1075 689 et
1103 657 1174 688 Filii
1213 659 1242 688 et
1280 655 1426 696 Spiritus
1464 654 1587 692 Sancti,
1624 664 1733 686 amen.
1774 653 1848 685 Dat.
1877 653 2074 691 Mediolani,

252 723 343 764 apud
370 725 524 755 sanctum
553 722 740 759 Marehum,
765 721 818 752 die
846 720 945 752 XVlll
972 720 1133 757 octobris,
1160 718 1364 759 MDXXXlJ.
1392 717 1504 749 Frater
1530 717 1729 748 Franciscus
1744 718 1895 756 utsupra
1921 714 2075 746 Vicarius

253 784 432 818 Generalis
460 785 622 825 indignus
641 782 701 822 (l).

1004 928 1331 968 DCCCLXV.

340 1042 367 1069 11
393 1040 556 1077 Capitolo
582 1040 617 1068 di
643 1040 676 1070 S.
704 1039 815 1067 Paolo
842 1038 953 1066 vende
979 1038 1103 1066 alcune
1129 1042 1221 1065 terre
1248 1037 1282 1064 in
1307 1036 1508 1064 Castellaro
1534 1036 1569 1064 di
1594 1035 1804 1064 Lomellina.

1343 1152 1433 1174 25¹„-

899 1150 1037 1176 ,⁴:337
1049 1167 1062 1181 ‚
1085 1157 1289 1177 *alam-zo
1302 1167 1310 1180 ,

763 1241 841 1264 (Arch.
859 1241 940 1261 Notat.
957 1240 979 1260 di
996 1239 1067 1260 Pavia
1083 1250 1107 1252 —
1126 1239 1174 1260 Atti
1190 1238 1212 1259 di
1230 1238 1374 1259 Lancellotto
1390 1236 1564 1261 Contalonieri).

359 1427 406 1542 Ι

268 1567 269 1599 l
523 1565 690 1597 fuerunt...
715 1574 790 1597 cum
816 1574 889 1596 eo...
915 1564 1016 1596 frater
1042 1563 1224 1595 Pacifficus
1250 1563 1290 1594 de
1317 1561 1513 1595 Garlascho
1539 1563 1697 1600 vicarius,
1723 1562 1825 1594 frater
1843 1562 1886 1593 lo.
1906 1561 2074 1595 Antonius

501 1445 524 1471 Ν
549 1441 751 1471 conventu...
778 1439 885 1471 sancti
912 1437 1043 1470 Pauli...
1069 1436 1268 1470 Convocato
1294 1436 1487 1477 Capitulo...
1514 1436 1555 1467 de
1581 1436 1773 1468 mandato...
1792 1436 1905 1468 fratris
1923 1437 2079 1479 Evange—

523 1503 598 1534 liste
624 1502 664 1534 de
690 1501 820 1533 Brissia
846 1500 973 1532 Prioris
1009 1501 1163 1532 eiusdem
1201 1500 1410 1538 monasterii,
1448 1500 1478 1530 in
1517 1508 1585 1540 quo
1623 1500 1759 1540 quidem
1793 1497 1953 1540 Capitulo
1980 1500 2079 1532 inter-

251 1629 291 1660 de
317 1627 471 1666 Sezadio,
497 1627 597 1659 frater
623 1626 842 1660 Clterubinus
868 1627 910 1658 de
936 1626 1149 1667 lntignaglio,
1186 1625 1287 1657 frater
1327 1624 1574 1658 Christottorus
1610 1625 1651 1656 de
1684 1624 1893 1656 Pontevicho
1919 1627 1950 1657 et
1975 1624 2076 1657 frater

251 1691 456 1732 Apollonius
481 1691 522 1722 de
549 1690 759 1728 Mediolano,
781 1689 841 1731 ρι’[ι
866 1690 901 1721 αἰ·
925 1689 988 1721 dae
1012 1689 1093 1720 terzi
1124 1688 1179 1720 del
1210 1687 1365 1729 capitolo,
1404 1687 1551 1719 verulano
1577 1695 1597 1718 α
1625 1686 1792 1719 Οἰοναηηί
1834 1687 2021 1727 Vallegiaai
2044 1687 2078 1719 cli

251 1752 434 1791 Sart1‘rana,
461 1753 630 1784 causidico
657 1752 692 1784 di
717 1751 848 1788 Casale,
876 1752 992 1783 alcane
1017 1754 1097 1783 terre
1122 1752 1153 1782 in
1181 1749 1366 1783 Castellum
1392 1749 1427 1781 di
1451 1749 1644 1781 Lomelliaa.
1667 1758 1729 1790 per
1750 1749 1807 1780 lire
1819 1750 1887 1781 469
1902 1749 2073 1790 imperiali,

251 1815 294 1846 [la
316 1816 458 1855 pagarsi
481 1817 570 1846 entro
595 1823 678 1846 nove
703 1815 791 1852 anni,
810 1814 920 1855 firmo
946 1814 1100 1845 restando
1111 1813 1275 1854 frattatzto
1302 1812 1471 1852 l'obbligo
1492 1811 1549 1852 pel
1573 1814 1775 1852 compratore
1800 1812 1834 1842 a'i
1852 1820 1981 1852 pagare
1997 1813 2078 1852 ogni

251 1886 339 1909 anno
365 1877 422 1909 IIre
445 1877 490 1909 23
514 1877 548 1908 al
573 1876 605 1909 S.
632 1876 786 1908 Martino.
826 1876 872 1908 La
900 1876 1030 1908 venaz'ta
1048 1875 1090 1916 fa
1111 1876 1172 1916 poi
1195 1876 1378 1916 approvato
1415 1874 1458 1905 cla
1495 1874 1596 1905 trater
1632 1872 1790 1906 Clemens
1816 1873 2007 1905 Vertuanus
2032 1874 2074 1906 de

253 1939 418 1981 Bergamo
459 1939 643 1971 presidens
683 1940 883 1971 auctoritate
925 1939 1114 1979 apostolica
1156 1936 1304 1978 Capituli
1346 1936 1525 1969 Generalis
1566 1935 1852 1977 congregationis
1878 1937 2078 1969 Lombardie

254 2002 402 2033 Fratrum
430 2001 651 2033 Eremitarum
677 2001 783 2033 sancti
811 2000 992 2042 Augustini
1019 2000 1246 2033 Observantie
1271 2009 1310 2032 ac
1336 2000 1489 2031 eiusdem
1516 1998 1803 2040 Congregationis
1829 1998 1984 2031 Vicarius
2009 1997 2076 2031 Ge—

252 2065 386 2102 neralis,
413 2073 472 2095 con
498 2073 559 2095 saa
585 2064 708 2102 lettera,
735 2064 814 2095 slata
852 2063 910 2094 dal
944 2065 1101 2095 convento
1139 2062 1423 2094 dell'lncoronata
1449 2061 1484 2093 a'i
1507 2061 1634 2093 Milano
1660 2062 1694 2093 al
1716 2061 1765 2093 27
1785 2061 1897 2102 aprile,
1935 2070 2078 2093 annessa

253 2127 288 2158 al
316 2127 511 2158 documento
529 2124 590 2166 (2).

311 2283 340 2307 (l)
357 2283 405 2305 Con
421 2284 472 2304 atto
488 2283 509 2304 di
526 2283 583 2304 Gian
599 2283 695 2304 Alberto
711 2283 829 2308 Morasch,
845 2283 865 2303 ai
881 2283 907 2303 25
922 2283 1008 2308 giugno
1017 2282 1132 2302 radunato

258 2328 271 2348 il
288 2328 397 2354 Capitol«)
419 2334 460 2353 per
485 2328 565 2348 ordine
591 2327 669 2348 fratris
685 2328 806 2348 Fortunati
822 2327 850 2348 de
866 2327 956 2348 Cerano
977 2326 1100 2347 baclialarii
1117 2328 1140 2347 et

260 2372 372 2393 Prioris..
389 2373 424 2393 nel
441 2373 494 2398 qual
510 2372 613 2398 capitolo
629 2378 700 2392 erano
716 2377 759 2392 con
775 2371 805 2392 lui
822 2371 933 2397 magister
950 2370 1033 2392 Petrus
1049 2371 1076 2391 de
1096 2370 1139 2392 Ca-

259 2417 350 2437 nellis...
370 2416 441 2437 trater
466 2417 561 2437 Marcus
576 2416 604 2436 de
621 2416 720 2437 Trivisio
746 2416 902 2441 bachalarius,
928 2415 999 2436 trater
1023 2415 1142 2436 Seratinus

262 2460 290 2480 de
306 2462 388 2481 sancto
413 2461 509 2485 Angelo,
535 2459 607 2480 frater
631 2460 777 2486 Augustinus
793 2460 821 2480 de
837 2460 940 2480 Arimino
964 2465 1053 2485 cursor,
1070 2459 1141 2480 trater

259 2500 291 2524 ’10Δ
318 2504 432 2525 Antonius
457 2504 484 2525 de
510 2504 628 2530 Gropcno,
653 2504 725 2524 trater
751 2504 889 2524 Laurentius
914 2504 941 2524 de
967 2503 1047 2529 Papia,
1069 2503 1141 2524 trater

264 2549 396 2570 Ludovicus
412 2549 440 2569 de
456 2549 575 2573 Vercellis,
600 2548 671 2569 trater
698 2548 861 2569 Bertolameus
885 2549 989 2574 ispanus,
1013 2548 1084 2568 trater
1100 2548 1142 2568 Mi-

260 2593 325 2614 chael
341 2593 369 2614 de
386 2593 474 2618 Padua,
490 2593 561 2614 trater
577 2593 736 2618 Arcliangelus
752 2593 779 2613 de
796 2593 846 2618 Ast,
862 2593 933 2613 trater
949 2593 1096 2613 Hieronimus
1112 2592 1140 2612 de

261 2638 362 2663 Masino,
385 2637 456 2658 trater
468 2637 578 2658 Nicolaus
594 2638 621 2658 de
634 2638 762 2663 Vincentia,
779 2638 797 2658 si
813 2638 926 2663 eleggono
943 2637 947 2657 i
964 2636 1015 2657 trati
1032 2637 1082 2657 (jin.
1099 2637 1142 2657 Λη-

261 2682 326 2703 tonio
341 2682 369 2702 da
386 2682 498 2708 Gropcllo
513 2688 525 2702 e
542 2682 646 2702 Lorcnzo
661 2682 690 2702 da
707 2681 776 2702 Pavia
794 2687 834 2708 per
850 2682 996 2707 procuratori
1012 2687 1025 2702 a
1041 2681 1141 2702 vendere

263 2732 292 2747 un
309 2732 383 2752 pezzo
399 2726 420 2747 di
437 2728 497 2747 terra
514 2727 535 2747 in
552 2726 663 2751 Rognano
679 2726 700 2746 di
717 2726 820 2752 perticlie
835 2726 868 2747 38.

321 2771 351 2792 Lo
367 2773 445 2792 stesso
460 2771 572 2797 capitolo,
589 2771 609 2791 in
625 2771 661 2792 cui
678 2771 689 2791 e
704 2771 776 2792 anche
788 2770 858 2791 trater
866 2771 990 2796 Angelicus
999 2770 1026 2791 de
1036 2770 1142 2796 Mantua,

262 2816 283 2836 ai
300 2816 325 2836 27
341 2816 420 2841 lugllo,
446 2821 489 2836 con
513 2817 564 2836 atto
589 2815 610 2836 di
636 2815 694 2836 Gian
711 2815 839 2836 Francesco
862 2815 969 2840 Boldoni,
990 2814 1046 2836 cede
1061 2820 1074 2835 a
1091 2814 1142 2835 Pier

263 2861 391 2881 Francescu
416 2860 590 2881 Calzacarraria
617 2860 640 2880 19
662 2860 766 2886 pertiche
791 2859 812 2880 di
829 2861 890 2880 terra
907 2860 928 2880 in
944 2859 1088 2885 Albuzzano,
1105 2859 1143 2880 ubi

265 2905 348 2925 dicitur
363 2904 392 2925 ad
409 2904 562 2929 Cerexollam,
584 2906 667 2925 contro
683 2910 712 2925 un
728 2906 821 2925 terreno
837 2904 859 2925 di
876 2904 959 2929 uguale
985 2904 1071 2924 misum
1087 2903 1148 2924 nello

266 2951 344 2970 stesso
361 2949 486 2972 territorio,
504 2948 541 2969 ubi
558 2948 643 2969 dicitur
659 2949 680 2969 in
697 2948 797 2969 Perollo.

318 2993 341 3013 ln
357 2993 402 3014 due
417 2993 460 3014 atti
477 2993 647 3013 d'investitura
672 2993 708 3014 del
726 2993 750 3013 10
764 2998 776 3013 e
793 2993 846 3013 dell¹
858 2994 877 3013 11
896 2993 999 3018 ottobre,
1023 2992 1098 3018 rogati
1115 2991 1142 3012 ri-

264 3037 447 3062 spettivamcnte
463 3037 492 3057 da
508 3036 565 3058 Gian
582 3036 660 3058 Pietro
675 3037 778 3063 Appz'ni
795 3043 807 3058 e
823 3037 851 3058 da
867 3036 925 3058 Gian
950 3036 1041 3061 Dionigi
1058 3035 1146 3057 Ferrari

1197 2281 1225 2302 da
1241 2281 1328 2307 Grado,
1344 2281 1359 2302 il
1374 2281 1478 2307 capitolo
1494 2281 1506 2302 e
1522 2279 1623 2302 formato
1648 2280 1708 2307 degli
1731 2281 1801 2301 stessi
1824 2280 1924 2307 religiosi
1941 2285 1952 2301 e
1968 2280 1990 2301 di
2005 2279 2076 2302 frater

1195 2326 1304 2352 Orpheus
1320 2325 1348 2347 de
1363 2325 1474 2347 Vercellis
1498 2325 1603 2346 sindicus
1625 2327 1647 2346 et
1670 2326 1816 2351 procurator,
1832 2330 1844 2346 a
1860 2325 1896 2346 cui
1912 2325 1932 2346 la
1948 2330 2048 2351 procura
2063 2325 2075 2346 e

1195 2371 1316 2391 rinnovata
1331 2371 1352 2391 ai
1371 2370 1394 2391 16
1408 2370 1542 2394 novembre,
1568 2375 1612 2391 con
1635 2371 1687 2391 atto
1703 2370 1724 2390 di
1741 2369 1799 2391 Gian
1824 2369 1902 2391 pietro
1927 2369 2036 2395 Appiani,
2053 2369 2075 2390 in

1198 2415 1369 2436 un'adunanza
1394 2414 1532 2440 capitolare,
1557 2414 1615 2435 nella
1638 2414 1707 2440 quale
1722 2414 1740 2435 si
1757 2415 1854 2435 trovava
1876 2414 1949 2435 anche
1965 2414 2076 2440 magister

1196 2458 1324 2485 Gregorius
1340 2459 1368 2480 de
1383 2458 1545 2484 Carrnagnola.
1563 2459 1643 2479 Frater
1653 2458 1761 2484 Orpheus
1777 2458 1804 2479 de
1820 2458 1931 2480 Vercellis
1946 2459 1966 2479 in
1983 2464 2012 2479 un
2023 2460 2074 2480 atto

1195 2504 1216 2524 di
1234 2505 1374 2530 pagamento
1391 2503 1427 2524 del
1443 2504 1469 2524 29
1483 2504 1568 2528 agusto
1586 2503 1643 2528 1539,
1660 2504 1743 2528 rogato
1754 2503 1782 2523 da
1794 2502 1851 2524 Gian
1868 2502 1995 2524 Domenico
2007 2502 2072 2529 Ripa,

1196 2547 1208 2568 ὺ
1223 2547 1289 2568 detto
1305 2547 1376 2568 trater
1391 2547 1499 2573 Orpheus
1515 2547 1543 2568 de
1560 2547 1729 2573 Panigharolis.

1249 2591 1282 2612 Da
1299 2598 1329 2612 un
1344 2593 1395 2612 atto
1411 2591 1580 2612 d'investitura
1597 2591 1632 2612 del
1647 2592 1659 2612 7
1675 2591 1801 2617 dicembre,
1824 2593 1907 2617 rogato
1923 2591 1951 2612 da
1967 2591 2024 2612 Gian
2040 2591 2076 2613 ΑΙ-

1198 2637 1264 2657 berto
1280 2636 1399 2661 Morasco,
1416 2636 1498 2656 risulta
1522 2636 1563 2656 che
1588 2635 1659 2656 trater
1682 2635 1845 2657 Bar-tolomeus
1867 2636 1964 2662 ispanus
1979 2636 1990 2657 e
2006 2635 2077 2657 trater

1198 2681 1363 2702 Bartolomeus
1379 2679 1503 2701 Cisterius.

1255 2725 1285 2749 l2)
1301 2725 1326 2745 Αἰ
1342 2725 1355 2746 5
1370 2724 1391 2745 di
1407 2724 1502 2750 giugno,
1518 2730 1561 2745 con
1576 2725 1628 2745 atto
1644 2724 1665 2745 di
1681 2724 1739 2745 Gian
1756 2724 1851 2745 Alberto
1875 2724 1994 2751 Morasco,
2010 2725 2079 2746 radu-

1198 2771 1254 2791 natn
1269 2770 1283 2790 il
1299 2769 1402 2795 capitolo
1426 2769 1454 2789 de
1479 2769 1616 2790 mandato.,.
1640 2768 1719 2790 fratris
1744 2768 1836 2790 Pacifici
1857 2768 1885 2790 de
1901 2768 2029 2791 Garlascho
2044 2770 2077 2791 vi-

1196 2814 1278 2835 carii...
1293 2816 1384 2835 attenta
1401 2813 1487 2834 Prioris
1502 2814 1635 2834 absentia...
1645 2813 1680 2834 nel
1690 2813 1758 2840 quale
1770 2813 1872 2839 capitolo
1889 2814 2020 2835 trovaronsi
2032 2819 2075 2836 con

1199 2859 1229 2879 lui
1245 2858 1317 2879 trater
1333 2858 1363 2879 lo,
1380 2858 1495 2879 Antonius
1511 2858 1538 2879 de
1554 2857 1664 2884 Cesadio,
1680 2857 1750 2879 trater
1759 2857 1866 2879 Clemens
1875 2858 1902 2879 de
1915 2857 1995 2884 Papia,
2005 2857 2077 2880 frater

1203 2903 1309 2924 Andreas
1324 2902 1353 2924 de
1368 2902 1492 2927 Mortario,
1508 2901 1579 2923 trater
1594 2902 1715 2923 Tlieotilus
1730 2902 1759 2923 de
1774 2901 1872 2928 Solerio,
1888 2902 1959 2924 trater
1974 2902 2077 2924 christo-

1200 2947 1265 2969 forus
1281 2947 1309 2968 de
1325 2946 1461 2972 Pontevico,
1486 2947 1508 2967 et
1533 2946 1604 2968 frater
1620 2946 1712 2968 Rnchus
1734 2947 1762 2968 de
1784 2946 1914 2973 Quinzano,
1930 2947 2044 2973 eleggono
2059 2947 2073 2968 il

1197 2991 1393 3013 reverendissimo
1409 2990 1460 3012 Gio.
1477 2990 1578 3012 Battista
1594 2990 1734 3012 Sannazzari
1750 2991 1857 3012 Vescovo
1877 2991 2032 3018 Cononiense,
2045 2991 2078 3012 di-

1202 3037 1308 3057 mon-ante
1322 3035 1344 3056 in
1361 3033 1441 3060 Pavia,
1456 3039 1468 3055 a
1484 3034 1657 3056 Conservatore
1672 3035 1709 3056 del
1724 3035 1774 3056 loro
1789 3037 1913 3057 convento.
