2305 3407
1948 236 2006 266 125

195 368 286 407 quod
325 369 355 399 in
393 368 489 400 festis
530 368 562 400 S.
600 368 848 400 Bartholomaei
886 372 916 400 et
954 368 986 400 S.
1014 369 1167 400 Marthae
1204 369 1292 399 omni
1332 377 1419 399 anno
1448 369 1477 398 in
1505 371 1703 408 perpetuum
1743 370 1917 399 teneantur
1944 370 2007 408 ipsi

196 428 268 460 DD.
294 429 411 461 fratres
436 433 569 462 cantare
596 431 733 462 missam
761 440 915 471 magnam
944 432 973 462 in
1001 434 1164 471 apparatu
1191 431 1340 462 solemne
1366 432 1396 461 et
1422 439 1496 461 cum
1524 430 1668 461 diacono
1687 433 1716 461 et
1736 431 1947 462 subdiacono
1972 440 2009 462 ac

194 492 389 524 cantoribus
414 493 588 533 apparatis
625 493 666 523 ad
705 493 828 523 dictum
866 493 991 524 altare:
1029 502 1175 533 gravans
1202 493 1274 532 ipse
1312 491 1351 523 D.
1378 494 1517 523 testator
1543 492 1652 523 dictos
1679 492 1914 533 infrascriptos
1939 494 2012 524 eius

197 554 359 586 haeredes
386 555 595 586 universales
620 555 661 586 ad
689 555 836 585 dandum
864 557 894 586 et
919 555 1119 586 tradendum
1159 554 1297 595 prefatis
1334 553 1407 585 DD.
1434 554 1593 585 fratribus
1620 555 1650 584 in
1679 564 1887 594 unoquoque
1926 555 2012 586 festo

196 617 346 656 ipsorum
373 615 570 648 Sanctorum
598 617 745 648 medium
772 617 912 648 saclium
939 616 1066 647 farinae
1094 617 1124 647 in
1152 625 1238 656 pane
1264 618 1359 647 cocto
1385 615 1553 653 frumenti,
1581 616 1724 647 mediam
1767 617 1917 648 brentam
1945 618 2011 648 vini

196 678 336 710 vermilii
363 678 453 716 boni,
479 680 511 710 et
537 678 683 710 medium
722 678 874 716 vitulum,
901 681 932 710 et
959 679 985 709 si
1013 679 1100 709 dicta
1137 678 1223 710 festa
1260 680 1355 709 erunt
1382 679 1412 709 in
1440 678 1561 709 diebus
1588 679 1619 709 in
1658 679 1783 718 quibus
1811 688 1875 709 non
1903 689 2014 710 come-

196 741 318 772 dantur
341 750 471 779 carnes,
498 741 589 781 quod
616 743 793 772 teneantur
817 742 907 777 dare,
946 742 1021 772 loco
1047 741 1127 772 dicti
1166 741 1265 772 medii
1304 741 1410 778 vituli,
1436 742 1484 772 tot
1510 741 1621 781 pisces
1662 744 1824 781 quantum
1851 742 2011 773 ascendet

197 804 338 844 pretium
364 805 395 835 et
421 803 516 834 valor
541 803 619 834 dicti
647 803 747 834 medii
775 804 882 835 vituli.

285 865 362 897 item
389 866 461 906 ipse
487 864 527 896 D.
554 867 694 897 testator
719 865 812 897 dedit
837 868 867 897 et
894 866 1019 906 legavit
1044 874 1082 897 ac
1108 865 1164 896 dat
1190 867 1221 896 et
1247 865 1335 905 legat
1360 865 1459 897 dictis
1486 864 1559 896 DD.
1585 865 1746 897 fratribus
1772 864 1804 897 S.
1831 865 1926 897 Pauli
1953 865 2015 898 Or—

196 928 286 959 dinis
313 927 531 959 Eremitarum
559 926 591 959 S.
619 927 798 968 Augustini
824 926 1085 965 Observantiae,
1110 929 1204 959 extra
1230 929 1262 958 et
1287 936 1392 968 prope
1419 928 1551 959 moenia
1579 926 1716 968 Papiae,
1756 927 1859 959 libras
1900 929 2016 969 trigin-

197 990 319 1021 taduas
344 990 460 1030 imper.
486 990 576 1021 omni
602 998 691 1021 anno
718 991 749 1021 in
777 992 988 1030 perpetuum,
1015 990 1079 1021 sibi
1107 990 1290 1021 tradendas
1317 999 1375 1030 per
1401 989 1635 1030 infrascriptos
1660 991 1733 1021 eius
1760 991 1923 1022 haeredes
1949 991 2021 1022 uni-

199 1052 359 1090 versales,
385 1054 537 1092 tempore
563 1060 630 1092 quo
656 1052 1141 1092 celebrabunturinfrascripta
1167 1053 1227 1083 tria
1254 1052 1373 1084 Officia
1400 1053 1441 1084 ad
1469 1054 1584 1090 ratam,
1611 1054 1641 1084 et
1667 1062 1742 1084 cum
1770 1054 1832 1084 lioc
1858 1055 1968 1084 tamen
1988 1055 2018 1084 et

197 1123 263 1145 non
289 1114 385 1145 aliter
410 1113 502 1154 quod
529 1113 647 1154 prefati
675 1113 748 1145 DD.
774 1114 893 1145 fratres
919 1116 1096 1146 teneantur
1121 1114 1290 1146 celebrare
1317 1123 1375 1145 seu
1402 1115 1563 1146 celebrari
1589 1114 1699 1146 facere
1726 1116 1756 1146 in
1784 1115 1872 1146 dicta
1905 1124 2017 1147 eorum

197 1176 339 1207 ccclesia
365 1174 487 1207 Officia
512 1176 572 1207 tria
598 1184 616 1206 a
643 1176 782 1207 mortuis
808 1176 849 1207 de
875 1176 989 1208 missis
1016 1177 1263 1217 quinquaginta
1289 1185 1409 1217 magna
1436 1179 1640 1217 computata,
1660 1186 1718 1217 pro
1734 1178 1896 1217 quolibet,
1929 1178 2017 1209 omni

199 1247 286 1269 anno
314 1238 345 1269 in
371 1240 570 1278 perpetuum
597 1241 675 1278 post
701 1237 822 1269 festum
850 1237 881 1269 S.
910 1238 1076 1269 Francisci
1105 1248 1205 1270 unum
1234 1243 1311 1279 post
1336 1239 1439 1277 aliud,
1466 1249 1552 1279 quae
1580 1240 1703 1271 missae
1723 1240 1876 1271 dicantur
1894 1243 1923 1271 et
1943 1250 2020 1271 caua

199 1302 386 1332 tenturtam
414 1309 539 1341 parvae
565 1309 666 1340 quam
694 1309 835 1341 magnae
851 1309 925 1332 cum
945 1299 1140 1341 Sequentia,
1166 1303 1197 1332 et
1224 1302 1348 1333 missae
1381 1311 1522 1343 magnae
1549 1303 1714 1333 dictorum
1734 1303 1922 1334 officiorum
1943 1312 2020 1333 can-

200 1365 310 1394 tentur
327 1363 368 1394 ad
388 1363 512 1393 dictum
538 1362 653 1400 altare,
672 1371 747 1393 cum
766 1363 913 1394 diacono
938 1364 970 1394 et
988 1363 1217 1401 subdiacon0;
1243 1364 1385 1404 primum
1413 1364 1569 1395 videlicet
1594 1364 1743 1396 officium
1763 1373 1823 1404 pro
1841 1365 2021 1396 animabus

200 1425 371 1465 quondam
399 1423 508 1456 Patris
533 1426 565 1455 et
591 1424 711 1455 Matris
736 1424 816 1456 dicti
843 1423 882 1456 D.
910 1424 1120 1462 Testatoris;
1147 1425 1334 1456 secundum
1362 1435 1421 1466 pro
1447 1426 1753 1466 animabusipsius
1772 1425 1812 1457 D.
1831 1426 2020 1458 Testatoris

200 1489 231 1518 et
256 1487 427 1527 quondam
454 1485 494 1517 D.
521 1486 682 1518 Hellenae
708 1487 878 1518 consortis
904 1495 986 1517 suae
1013 1487 1053 1517 de
1079 1485 1334 1527 Canepanova;
1360 1490 1390 1519 et
1416 1489 1548 1519 tertium
1587 1498 1647 1529 pro
1688 1489 1867 1520 animabus
1902 1489 2021 1519 defun-

199 1551 328 1581 ctorum
355 1557 504 1580 suorum.
545 1548 808 1589 Teneanturque
846 1549 946 1580 etiam
985 1548 1188 1590 infrascripti
1231 1549 1303 1581 DD.
1330 1549 1451 1582 fratres
1477 1550 1613 1591 singulo
1640 1551 1808 1582 sacerdoti
1837 1551 2020 1582 celebranti

200 1611 338 1642 missam
364 1612 395 1642 et
422 1611 629 1650 permanenti
656 1610 698 1641 ad
726 1611 864 1642 missam
892 1620 1046 1651 magnam
1073 1612 1152 1643 dare
1177 1612 1392 1649 candelotum
1421 1622 1522 1643 unum
1549 1621 1653 1648 cerae,
1682 1614 1800 1644 unciae
1826 1614 1926 1645 unius
1959 1623 2019 1653 pro

200 1673 364 1714 quolibet,
391 1682 456 1704 una
483 1673 556 1704 vice
582 1674 708 1704 tantum
736 1673 870 1713 singulo
896 1682 985 1704 anno
1012 1683 1072 1714 pro
1098 1675 1206 1706 tribus
1231 1673 1374 1712 Officiis,
1413 1676 1469 1715 qui
1507 1676 1704 1707 sacerdotes
1730 1677 1904 1707 teneantur
1929 1676 2019 1707 illum

199 1738 311 1767 tenere
351 1744 530 1767 accensum
571 1744 631 1775 pro
658 1735 714 1766 illo
740 1736 852 1776 spatio
878 1737 1040 1776 temporis
1066 1746 1134 1777 quo
1160 1737 1295 1768 durabit
1320 1736 1468 1768 officium
1495 1737 1537 1768 ad
1564 1737 1736 1775 carleturn,
1774 1747 1848 1769 curn
1876 1738 2023 1769 Letaniis

197 1799 284 1830 circa
309 1798 528 1838 sepulturam,
554 1799 585 1829 et
617 1800 793 1829 teneantur
833 1798 1053 1830 nihilominus
1094 1800 1159 1840 ipsi
1201 1799 1397 1831 sacerdotes
1437 1800 1638 1840 consignare
1679 1800 1788 1831 dictos
1825 1800 2023 1831 candelotos

199 1860 297 1892 dictis
338 1860 475 1891 duobus
501 1860 620 1900 primis
645 1859 779 1892 Officiis
805 1860 906 1892 dictis
931 1860 1091 1892 fratribus
1118 1860 1150 1893 S.
1177 1861 1284 1899 Pauli,
1310 1870 1349 1893 ac
1376 1862 1475 1893 etiarn
1509 1864 1684 1893 teneantur
1721 1871 1845 1902 ponere
1883 1862 2022 1902 praefati

198 1922 270 1954 DD.
296 1922 414 1954 fratres
440 1925 601 1963 torqueas
638 1924 806 1962 quattuor,
845 1923 1006 1963 ponderis
1043 1923 1147 1955 librae
1182 1924 1282 1955 unius
1308 1933 1383 1955 curn
1410 1924 1551 1955 dimidia
1577 1933 1637 1964 pro
1663 1925 1825 1964 qualibet,
1857 1925 1944 1956 circa
1971 1934 2023 1956 se—

198 1985 377 2025 pulturam,
403 1986 434 2015 et
459 1984 616 2016 ardentes
642 1985 845 2016 durantibus
871 1985 971 2016 dictis
997 1986 1112 2017 missis
1138 1987 1280 2026 magnis,
1307 1985 1431 2017 officiis
1456 1995 1531 2018 cum
1559 1986 1703 2024 letaniis,
1729 1995 1767 2018 ac
1794 1996 1917 2027 ponere
1945 1995 2023 2018 can-

199 2047 333 2078 delotos
358 2049 502 2087 quatuor
526 2047 693 2077 ontiarum
721 2047 817 2077 trium
845 2056 905 2087 pro
932 2047 1085 2087 quolibet
1110 2057 1213 2088 supra
1240 2049 1364 2080 dictum
1391 2049 1505 2085 altare,
1532 2058 1592 2089 pro
1619 2049 1717 2080 dictis
1751 2050 1866 2080 missis
1893 2050 2023 2089 magnis

198 2109 363 2140 dictorum
390 2109 487 2139 trium
514 2107 722 2145 Officiorum‚
750 2109 903 2140 similiter
927 2109 1096 2147 ardentes,
1123 2112 1154 2141 et
1170 2110 1389 2142 nihilominus
1408 2111 1485 2141 dicti
1501 2111 1585 2142 cerei
1605 2113 1635 2141 et
1653 2113 1792 2150 torques
1810 2111 1852 2142 ad
1880 2112 2021 2150 primum

199 2170 357 2203 Officium
383 2171 514 2211 positae
540 2169 709 2201 sufficiant
736 2180 795 2210 pro
823 2171 962 2211 reliquis
988 2172 1123 2203 duobus
1149 2172 1281 2203 officiis.

287 2232 366 2264 Item
393 2233 467 2272 ipse
494 2231 533 2264 D.
560 2232 720 2263 Testator
746 2233 827 2270 vult,
854 2233 956 2270 iubet,
982 2234 1126 2271 ordinat,
1153 2235 1290 2265 mandat
1315 2236 1346 2265 et
1372 2235 1523 2274 disponit
1543 2235 1634 2274 quod
1654 2234 1794 2274 praefati
1811 2234 1883 2265 DD.
1903 2234 2022 2266 fratres

199 2294 231 2327 S.
259 2294 353 2326 Pauli
381 2296 558 2326 teneantur
583 2295 673 2325 omni
700 2303 790 2325 anno
816 2295 847 2325 in
874 2297 1071 2335 perpetuum
1100 2295 1130 2325 iri
1158 2295 1310 2335 quolibet
1337 2295 1425 2327 festo
1466 2294 1498 2327 S.
1527 2295 1629 2328 Roclii
1657 2296 1819 2327 celebrari
1854 2296 1963 2327 facere
1990 2297 2020 2327 in

198 2356 339 2397 Capella
365 2356 397 2389 S.
426 2356 541 2394 Rochi,
582 2357 645 2388 sita
686 2357 728 2388 ad
769 2355 980 2394 Cassinetas‚
1007 2358 1240 2397 possessionis
1275 2357 1383 2397 ipsius
1421 2356 1460 2388 D.
1488 2357 1688 2395 Testatoris,
1716 2357 1845 2389 Missas
1872 2359 2021 2398 quinque

201 2428 322 2460 magna
348 2420 554 2459 computata,
580 2420 611 2450 et
637 2419 736 2450 etiam
779 2418 976 2458 praedicare
1017 2419 1145 2458 populo
1172 2419 1203 2449 in
1231 2419 1319 2450 dicta
1360 2418 1500 2460 Capella
1528 2420 1558 2450 in
1585 2420 1675 2451 dicta
1716 2420 1780 2457 die,
1808 2429 1867 2460 pro
1893 2421 2018 2460 quibus

201 2482 337 2522 quidem
365 2481 484 2512 Missis
510 2481 659 2521 quinque
684 2482 716 2511 et
742 2481 995 2521 praedicatione
1023 2481 1095 2520 ipse
1122 2480 1161 2511 D.
1189 2480 1346 2512 Testator
1383 2482 1476 2512 dedit
1501 2484 1532 2513 et
1559 2482 1694 2522 legavit,
1732 2491 1769 2513 ac
1796 2483 1851 2513 dat
1877 2486 1908 2514 et
1936 2483 2021 2523 legat

200 2543 360 2584 praefatis
386 2542 458 2574 DD.
484 2543 645 2574 fratribus
670 2543 818 2574 florenos
844 2544 910 2574 tres
937 2542 1061 2574 valoris
1080 2545 1111 2573 et
1129 2543 1171 2574 ad
1190 2546 1384 2584 computum
1404 2545 1590 2575 solidorum
1611 2545 1889 2585 trigintaduorum
1906 2546 2020 2585 imper.

200 2615 260 2646 pro
285 2606 420 2647 singulo
444 2606 585 2643 floreno,
612 2606 676 2636 sibi
704 2605 838 2636 dandos
864 2607 895 2636 et
922 2605 1109 2636 solvendos
1136 2614 1195 2645 per
1221 2605 1456 2646 infrascriptos
1482 2607 1555 2638 eius
1581 2606 1620 2637 D.
1648 2606 1837 2638 Testatoris
1857 2608 2020 2639 haeredes

200 2669 420 2700 universales.
446 2669 536 2699 omni
564 2677 653 2699 anno
680 2669 710 2699 in
739 2670 938 2708 perpetuum
967 2668 997 2698 in
1025 2668 1116 2699 dicto
1141 2667 1230 2699 festo
1256 2667 1288 2699 S.
1317 2667 1431 2701 Roclii.

289 2730 366 2762 Item
394 2731 466 2770 ipse
493 2729 532 2761 D.
559 2730 716 2761 Testatos
742 2730 822 2767 vult,
850 2730 952 2767 iubet,
979 2730 1122 2768 ordinat,
1150 2730 1285 2761 mandat
1311 2732 1341 2761 et
1367 2731 1518 2770 disponit
1544 2731 1636 2770 quod
1664 2731 1767 2771 praef.
1802 2730 1874 2762 DD.
1900 2731 2019 2763 fratres

201 2791 232 2824 S.
260 2791 353 2823 Pauli
381 2792 448 2823 ullo
476 2801 623 2832 unquam
661 2791 774 2823 futuro
814 2794 965 2832 tempore
1006 2802 1071 2823 non
1114 2793 1247 2833 possint
1274 2801 1333 2823 nec
1360 2792 1492 2823 valeant
1532 2793 1657 2823 dictum
1696 2793 1798 2824 altare
1824 2802 1883 2832 per·
1909 2794 2018 2833 ipsum

201 2853 240 2885 D.
267 2853 477 2885 Testatorem
505 2854 718 2891 intitulatum,
745 2864 804 2886 nec
830 2854 952 2885 dictam
979 2855 1197 2894 sepulturam,
1224 2854 1315 2885 alteri
1343 2863 1402 2885 seu
1429 2854 1505 2885 aliis
1520 2855 1716 2892 concedere,
1735 2857 1765 2886 et
1785 2856 1852 2885 ullo
1872 2865 2016 2895 unquam

200 2915 311 2947 futuro
353 2918 500 2956 tempore
541 2916 770 2948 contrafacere
797 2917 920 2956 quovis
959 2917 1059 2947 modo
1086 2917 1116 2947 in
1143 2917 1259 2956 aliquo
1297 2917 1544 2956 praedictorum
1583 2917 1805 2956 capitulorum
1834 2918 1918 2957 ipsis
1945 2916 2016 2948 DD.

200 2977 359 3010 fratribus
385 2979 619 3018 spectantium,
645 2982 675 3009 et
702 2980 732 3009 in
759 2979 848 3010 dicto
873 2988 953 3009 casu
974 2979 1069 3018 ipsos
1088 2979 1234 3019 privavit
1260 2980 1289 3009 et
1317 2978 1436 3018 privat,
1461 2980 1492 3009 et
1518 2988 1557 3009 eo
1584 2979 1614 3008 in
1641 2987 1722 3009 casu
1750 2979 1817 3009 vult
1846 2979 2015 3018 praedicta

200 3041 312 3071 omnia
338 3040 446 3080 legata
472 3043 503 3071 et
528 3041 753 3072 emolumenta
780 3042 955 3081 pervenire
982 3041 1104 3072 debere
1133 3041 1163 3071 in
1191 3040 1300 3071 dictos
1326 3040 1444 3071 fratres
1471 3039 1502 3071 S.
1530 3040 1651 3078 lacobi,
1677 3040 1816 3071 Ordinis
1848 3040 2013 3071 Minorum

201 3100 446 3133 Observantiae
473 3101 609 3142 Papiae,
634 3112 708 3134 cum
736 3103 917 3143 praedictis
943 3103 1102 3133 omnibus
1128 3104 1159 3133 et
1185 3102 1329 3141 singulis
1355 3102 1526 3133 oneribus.
