2305 3407
1960 191 2019 221 117

206 322 337 353 lielmus
363 322 403 353 de
430 321 579 360 Silvano,
611 322 712 354 frater
750 321 903 354 Andreas
928 323 968 353 de
995 321 1110 362 Papia,
1137 321 1237 353 frater
1262 320 1503 362 Simplicianus
1529 322 1569 353 de
1595 321 1737 359 Verona,
1755 323 1854 354 frater
1880 323 2021 354 lacobus

206 384 405 422 adamanus,
430 384 531 416 frater
556 384 674 416 Petrus
701 384 826 416 Paulus
852 384 893 416 de
919 383 1118 422 Garlasctm,
1145 384 1245 416 frater
1271 384 1453 417 Umbertus
1485 385 1606 425 gallus,
1648 384 1748 416 frater
1788 384 2022 417 Christoforus

207 446 405 484 adamanus,
430 446 530 478 frater
556 446 704 487 Rapliael
731 447 771 478 de
798 446 966 483 Terdona,
1007 446 1107 478 frater
1147 446 1298 478 Thomas
1324 447 1364 477 de
1390 445 1592 483 Concordia,
1619 447 1717 478 frater
1743 447 1956 478 Hieroniinus
1982 447 2022 478 de

209 508 279 545 Ast,
304 509 405 541 frater
430 508 622 540 Alexander
647 509 688 540 de
715 509 922 546 Mediolano,
948 509 1047 540 frater
1072 508 1306 541 Cliristoforus
1333 509 1373 540 de
1400 508 1515 549 Papia,
1542 508 1641 540 frater
1668 509 1831 540 lohannes
1859 509 2024 540 Antonius

207 572 248 603 de
275 570 444 612 Gropello,
472 571 571 602 frater
597 570 798 602 Tliitnoteus
824 572 864 602 de
892 570 1007 611 Papia,
1034 574 1064 602 et
1090 571 1191 602 frater
1217 570 1382 602 lohannes
1424 570 1576 611 Baptista
1602 571 1643 601 de
1670 574 1786 602 sancto
1813 570 1952 611 Angelo,
1979 571 2026 602 fa-

207 635 333 665 cientes
360 634 436 674 plus
462 642 562 673 quarn
589 633 675 664 duas
702 635 814 673 partes
841 643 881 664 ex
909 634 1017 664 tribus
1043 632 1190 673 Capituli
1219 633 1359 673 predicti
1379 631 1440 671 (1).

875 809 1351 873 DCCLXXXVIII.

298 941 431 976 Legato
456 941 725 969 testamentario
751 941 806 969 del
833 942 951 969 nobile
989 942 1162 970 Riccardo
1201 942 1378 970 Saechetti
1405 950 1424 969 a
1451 942 1569 969 favore
1596 942 1629 969 di
1657 942 1692 970 S.
1720 941 1827 969 Paolo
1853 949 1870 968 e
1897 940 1931 969 di
1958 941 2028 969 San

188 994 373 1030 Agostino.

831 1091 983 1121 1:322,
1015 1091 1297 1121 fel)l)rai09
1330 1091 1406 1116 16.

775 1180 852 1200 «Arcti.
870 1180 922 1200 Not.
940 1180 961 1200 di
979 1180 1048 1201 Pavia
1066 1191 1088 1193 m
1106 1180 1152 1201 Atti
1169 1180 1190 1200 di
1207 1180 1320 1201 Giovanni
1338 1179 1449 1206 Pigazzir.

282 1365 403 1480 N
459 1382 501 1408 El.
526 1379 712 1408 monastero
737 1377 772 1408 di
796 1376 828 1409 S.
854 1377 1015 1417 Agostt'no
1042 1377 1076 1408 di
1100 1376 1216 1412 Ριινία,
1244 1377 1330 1408 nella
1345 1377 1427 1408 cella
1442 1377 1477 1408 di
1482 1376 1573 1417 frate
1598 1376 1810 1408 Bnrtolomeo
1842 1376 2028 1408 Valmacca.

486 1439 694 1471 Testamento
719 1439 772 1471 del
795 1439 904 1471 nobile
945 1439 1108 1473 Riccardo
1149 1438 1325 1477 Sacchetti,
1366 1439 1419 1470 del
1436 1439 1477 1479 su
1503 1439 1613 1470 dottor
1635 1439 1830 1475 Francesco,
1856 1438 1909 1469 nel
1932 1437 2030 1478 quale

236 1538 444 1540 fijwjrffl
483 1502 619 1533 mandat
644 1502 790 1534 cadaver
815 1511 912 1533 suum
939 1502 1073 1542 sepeliri
1111 1502 1243 1539 debere,
1270 1502 1297 1533 si
1325 1501 1508 1532 decesserit
1535 1501 1565 1531 in
1593 1501 1728 1532 civitate
1770 1499 1885 1540 Papie,
1911 1500 1952 1531 ad
1979 1508 2033 1531 ec-

211 1566 349 1597 clesiam
375 1565 482 1596 sancti
510 1563 605 1595 Pauli
632 1564 825 1596 monasterii
853 1564 1089 1604 infrascripti...
1116 1564 1247 1604 absque
1274 1564 1340 1595 ulla
1381 1572 1505 1604 pompa
1542 1563 1695 1601 funerali‚
1722 1563 1782 1593 sed
1809 1562 1917 1593 solum
1956 1570 2029 1593 curn

212 1628 410 1668 presbiteris
435 1627 552 1668 viginti
579 1628 610 1657 et
635 1626 795 1657 fratribus
821 1626 900 1658 dicti
928 1627 1120 1658 monasterii
1148 1627 1254 1658 sancti
1282 1626 1376 1658 Pauli
1402 1635 1440 1658 ac
1467 1625 1670 1666 infrascripti
1705 1625 1898 1656 monasterii
1925 1625 2031 1656 sancti

210 1689 424 1730 Augustini...
452 1688 562 1720 Item...
590 1688 647 1720 dat
672 1691 703 1720 et
730 1688 818 1729 legat
859 1688 1111 1720 venerabilibus
1153 1689 1300 1720 dominis
1335 1687 1440 1719 Priori
1467 1690 1497 1719 et
1525 1687 1729 1719 Fratribus...
1756 1687 1899 1719 ecclesie
1925 1687 2031 1718 sancti

211 1750 306 1783 Pauli
333 1753 524 1782 constructe
549 1752 644 1782 extra
670 1752 700 1782 et
726 1759 831 1791 prope
858 1751 966 1782 menia
994 1749 1097 1791 Papie
1122 1751 1270 1793 florenos
1306 1752 1472 1782 centurn...
1510 1758 1657 1791 gravans
1698 1749 1848 1790 prefatos
1874 1749 2032 1780 dominos

210 1812 357 1844 Priorem
385 1815 415 1844 et
441 1812 604 1844 Fratres...
631 1812 674 1844 ad
689 1812 823 1853 singulo
840 1821 928 1843 anno
947 1812 1199 1844 cellebrandum
1226 1813 1493 1844 anniversarium
1521 1821 1655 1843 nnuma
1672 1812 1812 1843 mortuis
1837 1813 1868 1842 et
1894 1812 2030 1842 missam

211 1884 309 1906 unam
337 1874 487 1915 qualibet
513 1874 704 1906 ebdomada
732 1875 762 1905 in
790 1875 1022 1906 remissionem
1050 1877 1264 1915 peccatorum
1291 1884 1351 1915 pro
1377 1875 1487 1906 anima
1525 1874 1675 1905 eiusdem
1707 1874 1832 1905 domini
1860 1874 2031 1905 testatoris

209 1937 457 1977 animabusque
484 1937 763 1977 predecessorum
801 1946 950 1974 suorum,
977 1939 1009 1968 et
1035 1938 1097 1968 hoc
1135 1937 1291 1968 videlicet
1316 1937 1356 1968 ad
1395 1937 1497 1968 altare
1523 1940 1555 1968 et
1582 1937 1611 1967 in
1639 1937 1768 1977 capella
1794 1936 1944 1967 eiusdem
1972 1937 2032 1967 do-

211 2000 289 2030 mini
316 2000 487 2031 testatoris
513 2002 543 2030 et
569 1999 691 2036 fratris,
717 2008 782 2039 que
808 1999 894 2030 facta
921 2001 971 2030 est
998 2000 1028 2030 in
1056 2000 1143 2030 dicta
1184 2000 1325 2031 ecclesia
1353 2000 1457 2031 sancti
1498 1999 1603 2036 Pauli,
1631 1999 1824 2039 incipiendo
1850 2007 1867 2029 a
1894 1999 1947 2029 die
1974 1999 2031 2029 de-

210 2070 329 2092 cessus
356 2062 465 2101 ipsius
490 2062 616 2092 domiui
644 2062 815 2092 testatoris
843 2062 873 2092 in
899 2064 1007 2092 antea.
1035 2061 1111 2092 ltem
1139 2062 1232 2093 dedit
1257 2064 1288 2093 et
1315 2062 1440 2101 legavit
1466 2061 1719 2092 venerabilibus
1753 2061 1900 2091 dominis
1927 2059 2029 2090 Priori

211 2126 242 2154 et
269 2122 439 2154 Fratribus
466 2122 604 2154 Ordinis
631 2123 872 2154 Heremitarum
899 2132 937 2154 ac
965 2124 1203 2155 monasterio...
1230 2124 1335 2154 sancti
1363 2123 1541 2164 Augustini
1570 2122 1673 2163 Papie
1699 2123 1846 2153 florenos
1864 2125 2029 2153 centum...

212 2186 268 2225 qui
295 2185 532 2225 expendantur
558 2186 588 2215 in
615 2185 705 2216 dicto
733 2186 937 2216 monasterio
964 2186 1057 2216 iuxta
1083 2186 1328 2216 ordinationem
1356 2185 1528 2216 reverendi
1564 2185 1668 2224 patris
1695 2193 1787 2215 sacre
1815 2185 1936 2224 pagine
1963 2192 2030 2214 ma-

211 2247 303 2287 gistri
330 2247 456 2278 domini
485 2247 595 2278 fratris
622 2246 824 2278 Bartolomei
852 2247 892 2278 de
919 2247 1111 2283 Valmaclia,
1148 2250 1178 2278 et
1216 2256 1255 2278 eo
1293 2256 1357 2278 non
1396 2248 1572 2283 existente,
1599 2247 1771 2277 reverendi
1799 2248 1876 2277 tunc
1902 2247 2028 2277 domini

211 2308 346 2340 Prioris.
374 2309 437 2340 Fra
463 2310 474 2340 i
498 2310 663 2340 festitnoni
687 2318 792 2340 sono:
810 2308 1017 2341 Reverendo
1043 2309 1181 2339 domino
1207 2318 1300 2340 sacre
1327 2309 1448 2349 pagine
1476 2309 1636 2349 magistro
1663 2309 1800 2339 domino
1827 2308 1924 2339 fratre
1952 2307 2030 2339 Ber—

210 2371 379 2403 tltolameo
406 2372 446 2402 de
473 2371 676 2409 Valmaclia;
715 2372 851 2402 domiuo
894 2371 991 2402 fratre
1029 2369 1241 2402 Cltristoforo
1268 2371 1308 2401 de
1335 2370 1440 2410 Papia
1467 2370 1634 2410 professo,
1661 2370 1759 2401 fratre
1787 2370 1963 2401 Laurentio
1989 2371 2029 2401 de

210 2433 401 2464 l'ixonibus
428 2434 557 2464 novitio
584 2432 723 2464 Ordinis
750 2434 853 2464 sancti
883 2432 1061 2473 Augustini
1088 2434 1186 2464 etatis
1212 2433 1447 2473 competentis.

266 2592 295 2613 (li
312 2591 336 2611 Αἰ
356 2591 378 2611 18
394 2591 518 2611 novembre
535 2591 570 2611 del
589 2591 634 2611 1521
654 2591 674 2610 lu
690 2593 768 2611 stesso
793 2591 910 2615 Capitoli),
933 2596 998 2610 conte
1020 2590 1088 2610 erede
1145 2590 1184 2609 lire
1203 2590 1239 2609 120
1254 2590 1365 2614 imperiali
1383 2595 1425 2609 unu
1443 2589 1510 2613 viena
1527 2589 1548 2609 di
1565 2590 1625 2609 sem·
1642 2589 1744 2614 perticlie
1756 2595 1776 2608 ιιι
1789 2589 1931 2609 ΑΙὴιιηιιιιιι,
1946 2589 2025 2609 {satio

214 2635 249 2655 del
266 2641 326 2656 nunc
341 2635 458 2661 quondam
475 2635 595 2656 reverendi
608 2641 674 2655 sni-re
683 2635 770 2660 pugIm’
781 2635 928 2660 professoris·
940 2635 1030 2654 domini
1045 2640 1092 2654 mn-
1147 2634 1158 2653 ἑ·
1175 2634 1210 2653 del
1227 2634 1306 2653 notaio
1323 2633 1379 2653 (jian
1397 2633 1510 2657 Agusium
1528 2633 1636 2653 Moruscu

211 2681 284 2704 gistri
300 2680 323 2700 lo
349 2679 494 2700 Berlolomei
509 2680 536 2700 de
555 2680 697 2702 Cusrelnsm,
712 2680 784 2700 vende
796 2680 815 2699 :ii
829 2679 910 2699 fratelli
929 2679 1032 2699 Marmni
1055 2684 1094 2704 per
