2305 3407
1928 186 1986 217 147

900 371 1264 412 DCCCXVIII.

265 485 399 520 Legato
423 482 691 512 testamentario
728 481 822 509 della
858 480 973 509 nobile
1010 480 1209 508 Elisabetta
1246 479 1418 508 Beccaria
1456 479 1577 514 Giorgi
1614 487 1675 515 per
1708 478 1739 506 le
1765 479 1927 515 lampade
1954 479 1986 507 al

179 537 293 574 corpo
318 537 353 566 di
379 537 414 565 S.
442 536 626 573 Agostino.

841 629 1002 660 1526,
1032 629 1234 660 ltnglio,
1262 629 1315 653 5.

691 717 770 741 (Aren.
786 717 867 738 Notar.
884 717 905 738 di
923 717 993 738 Pavia
1010 728 1034 731 —-
1050 717 1097 738 Atti
1113 717 1134 738 di
1151 716 1209 738 Gian
1226 717 1354 738 Francesco
1370 715 1454 741 Regina
1472 733 1476 736 .

193 935 195 937 -
242 902 364 1017 N

175 1102 340 1133 iluminari
367 1102 526 1133 faciendo
553 1111 610 1142 per
636 1101 766 1133 Fratres
792 1102 871 1133 dieti
910 1101 1114 1138 monasterii,
1142 1101 1172 1131 in
1200 1101 1416 1141 lampadibus
1457 1101 1589 1132 beatum
1617 1099 1752 1141 Corpus
1779 1102 1847 1132 divi
1875 1101 1990 1142 Augu-

421 919 510 946 ELLA
535 914 645 946 chiesa
670 914 704 946 di
728 913 760 947 S.
790 913 957 953 Gregorio.
990 914 1197 945 Testamento
1235 913 1322 945 della
1361 913 1435 944 nob.
1473 912 1657 944 Elisubetta
1683 913 1850 949 Beccaricr,
1878 913 1931 945 del
1948 914 1988 954 su

411 1007 412 1010 ,
442 976 623 1013 Galeazzo,
652 977 776 1008 veu‘ova
801 977 835 1008 cli
859 976 1032 1017 Munfredo
1061 975 1187 1016 Giorgr',
1212 976 1265 1007 nel
1288 976 1386 1016 quale
1412 976 1468 1007 dat
1494 978 1525 1007 et
1552 976 1638 1017 legat
1664 977 1816 1007 sacristie
1835 986 1893 1008 seu
1921 986 1989 1007 ino—

402 1075 406 1077 *
441 1039 589 1071 nasterio
615 1040 721 1070 sancti
748 1038 928 1079 Augustini
955 1038 1070 1079 Papie,
1097 1039 1219 1079 pellem
1258 1048 1357 1070 unam
1395 1039 1482 1079 olley
1516 1039 1615 1075 olive,
1642 1039 1777 1079 singulo
1802 1048 1901 1076 auno,
1929 1049 1988 1080 pro

174 1165 251 1195 stini
279 1164 428 1195 doctoris
455 1163 615 1201 Ecclesie,
641 1165 672 1194 et
698 1164 806 1194 eidem
845 1164 996 1194 sacristie
1034 1172 1093 1194 :teu
1132 1164 1336 1195 monasterio
1373 1164 1519 1194 dandam
1558 1166 1588 1194 et
1625 1164 1820 1195 tradendam
1856 1165 1990 1204 singulo

173 1236 261 1258 anno
288 1227 318 1257 in
346 1228 545 1267 perpetuum
573 1235 629 1266 per
656 1226 892 1266 infrascriptos
917 1226 991 1257 eius
1018 1225 1159 1257 heredes
1186 1235 1245 1266 pro
1272 1225 1493 1256 illuminando
1519 1226 1643 1257 dictum
1671 1224 1817 1266 Corpus,
1843 1235 1990 1267 gravans

175 1287 321 1319 Priorem
348 1291 378 1319 et
405 1288 536 1319 Fratres
561 1289 638 1319 dicti
667 1288 859 1319 monasterii
887 1288 927 1318 de
953 1288 1042 1319 dicto
1067 1287 1156 1318 olleo
1182 1288 1223 1318 ad
1251 1288 1507 1319 illuminandum
1522 1288 1648 1319 dictum
1668 1286 1803 1328 Corpus
1823 1291 1855 1319 ut
1874 1297 1987 1329 supra.

173 1349 345 1382 Ordinans
370 1354 400 1382 et
427 1351 624 1382 mandans...
652 1350 776 1390 quod...
804 1350 1088 1390 quandocumque
1116 1349 1318 1389 infrascripti
1346 1350 1419 1381 eius
1446 1350 1620 1381 heredes...
1646 1350 1798 1381 dederint
1824 1352 1854 1381 et
1880 1351 1991 1381 solve-

174 1412 237 1442 rint
263 1411 393 1452 prefato
420 1413 625 1443 monasterio
652 1414 683 1443 et
709 1412 863 1443 sacristie
888 1411 1037 1443 florenos
1079 1412 1272 1449 ducentum,
1299 1421 1385 1452 quos
1410 1412 1557 1443 florenos
1594 1413 1775 1444 ducentum
1802 1413 1934 1443 ordinat
1960 1416 1990 1444 et

173 1474 308 1505 mandat
333 1474 481 1514 expendi
507 1474 653 1505 debeant
680 1483 738 1514 per
764 1473 894 1505 Fratres
933 1474 1041 1514 ipsius
1079 1475 1271 1505 monasterii
1299 1475 1329 1505 in
1357 1483 1423 1505 uno
1450 1483 1508 1506 seu
1534 1475 1670 1506 duobus
1707 1475 1820 1506 fondis
1847 1475 1989 1511 idoneis,

172 1544 214 1567 ex
240 1536 365 1576 quibus
392 1537 563 1576 percipere
591 1537 724 1576 possint
750 1536 885 1577 singulo
911 1545 1000 1567 anno
1027 1537 1057 1567 in
1085 1538 1283 1576 perpetuum
1322 1537 1468 1567 florenos
1494 1537 1621 1575 decem,
1648 1538 1703 1577 qui
1730 1537 1846 1568 floreni
1873 1538 1988 1568 decem

173 1597 309 1639 singulo
336 1607 425 1629 anno
450 1598 686 1638 expendantur
712 1599 743 1628 in
769 1598 859 1630 dicta
886 1598 971 1638 pelle
997 1598 1086 1639 olley
1113 1607 1172 1638 pro
1200 1598 1420 1629 illuminando
1447 1598 1570 1629 dictum
1597 1597 1742 1639 Corpus,
1768 1601 1799 1630 et
1824 1598 1910 1630 facta
1937 1608 1992 1629 so-

174 1660 305 1691 lucione
331 1662 361 1691 et
387 1669 447 1692 seu
474 1660 651 1692 oblacione
677 1670 751 1692 cum
778 1661 946 1701 deposito,
977 1661 1054 1692 dicti
1081 1661 1154 1692 eius
1187 1660 1329 1692 heredes
1355 1660 1483 1691 liberati
1510 1661 1575 1692 sint
1601 1662 1631 1692 et
1657 1664 1849 1693 remaneant
1874 1670 1893 1692 a
1919 1670 1992 1702 pre-

175 1722 327 1754 stacione
353 1723 429 1754 dicti
458 1723 568 1764 legati.

922 1870 1234 1912 DCCCXIX.

264 1979 291 2006 11
317 1979 437 2007 Priore
463 1979 498 2007 di
525 1980 559 2008 S.
587 1980 757 2008 Mostiola
782 1984 941 2016 protesta
968 1985 1090 2008 contro
1115 1989 1160 2008 un
1185 1984 1396 2016 pagamento
1422 1979 1695 2015 ingiustamente
1721 1979 1937 2015 impostogli.

825 2082 978 2114 1527,
1011 2090 1116 2109 1112·
1123 2091 1232 2115 rzo‚
1264 2084 1339 2108 12.

705 2180 782 2203 (Arcu.
799 2181 879 2201 Notar.
896 2181 917 2201 di
935 2181 1004 2201 Pavia
1021 2192 1045 2194 —
1062 2181 1108 2202 Atti
1125 2181 1146 2201 di
1163 2181 1220 2201 Oion
1237 2180 1314 2201 Pietro
1331 2181 1447 2206 Appiano.

193 2350 195 2408 ÷
283 2364 331 2479 1

177 2565 361 2605 arntigeros
387 2566 574 2606 hyspanos,
601 2566 634 2596 ut
659 2565 741 2596 dicit
767 2565 1002 2605 infrascriptus
1028 2565 1186 2596 dominus
1212 2564 1327 2603 Prior;
1354 2565 1409 2605 qui
1437 2565 1499 2596 bos
1525 2568 1643 2605 postea
1670 2575 1729 2606 per
1760 2566 1869 2597 dictos
1894 2567 1992 2597 armi—

425 2385 448 2411 Ν
474 2379 618 2419 quadam
645 2378 746 2409 domo
773 2377 957 2408 inhabitata
983 2380 1013 2409 et
1039 2378 1182 2418 dirupta,
1220 2378 1251 2408 in
1289 2387 1354 2417 qua
1397 2378 1546 2409 habitare
1573 2378 1728 2409 solebant
1769 2378 1919 2417 (fratres)
1960 2381 1990 2410 in

448 2441 545 2473 Porta
566 2441 753 2479 Palacensi,
780 2440 944 2472 Parocliia
969 2441 1074 2471 sancti
1101 2439 1314 2473 Colurnbani.
1341 2438 1425 2472 Cum
1442 2441 1483 2472 sit
1502 2441 1592 2480 quod
1612 2441 1845 2481 superioribus
1870 2442 1991 2473 diebus

447 2506 478 2535 et
503 2504 543 2535 de
571 2512 684 2534 mense
710 2503 868 2534 februarii
896 2503 1048 2543 proxime
1076 2503 1244 2543 preterito,
1271 2504 1391 2543 captus
1414 2502 1511 2534 fuerit
1538 2503 1600 2534 bos
1627 2512 1713 2534 unus
1739 2512 1797 2544 per
1823 2504 1990 2543 quosdam

183 2721 287 2742 Maesrro
302 2721 361 2742 frate
377 2722 545 2747 Miclielaugelo
562 2721 637 2742 I'ictra
655 2728 666 2742 e
682 2721 740 2742 frate
756 2721 823 2742 Cario
839 2721 952 2747 Arrigoni,
968 2721 989 2742 in
1005 2727 1058 2742 casu

182 2765 218 2787 dcl
233 2766 351 2787 causidico
376 2766 501 2791 Anibrouio
527 2766 628 2791 sscrcna,
645 2766 713 2787 fanno
725 2766 853 2787 dichiarare
868 2767 1004 2787 all'usciere
1020 2767 1056 2787 del

183 2809 286 2831 Comune
301 2811 342 2831 che
357 2811 400 2837 egli
417 2817 457 2837 per
473 2811 572 2832 incarico
594 2811 630 2831 del
655 2810 763 2836 Capitulo
779 2811 799 2831 di
816 2810 838 2831 S.
856 2811 966 2831 Mos-tinia
983 2816 1055 2831 avem

183 2854 303 2875 notificato
318 2855 480 2881 ali¹Ospedate
496 2855 518 2876 di
534 2854 556 2876 S*
574 2855 673 2881 Maitteo,
697 2855 741 2875 alla
767 2854 889 2876 Coniunitii
905 2855 926 2875 di
943 2854 964 2875 S.
983 2854 1054 2875 Paulo

184 2899 212 2920 ed
227 2900 248 2920 al
263 2899 382 2925 Consiglio
406 2900 427 2920 di
451 2900 601 2921 Provvisionc
626 2900 685 2921 delia
709 2900 774 2925 cittii,
799 2900 819 2920 la
836 2900 895 2921 bolla
912 2900 932 2920 di
949 2899 1012 2920 sisio
1028 2900 1054 2921 lV

184 2942 244 2964 Dum
260 2943 371 2969 Singulos
387 2943 516 2970 Regulares
533 2944 635 2965 Ordines
650 2944 686 2965 dcl
704 2945 760 2965 1475.
786 2944 841 2965 Vedi
858 2945 941 2970 questa
957 2944 1018 2964 bolla
1034 2944 1054 2964 in

184 2987 299 3013 TORELLl,
315 2988 360 3009 vol.
376 2988 422 3013 Vll,
439 2993 491 3014 pag.
507 2988 552 3009 239.
570 2988 612 3009 Per
624 2988 770 3014 inlelligcnza
786 2988 807 3009 di
824 2990 908 3014 questo
917 2989 967 3009 atto
978 2988 989 3009 ὲ
1002 2988 1057 3009 utile

184 3031 318 3053 richiamare
333 3034 421 3058 quanto
443 3032 465 3053 lo
487 3034 565 3053 stesso
589 3032 673 3053 Torelli
698 3034 752 3053 nota
777 3033 812 3054 nel
828 3033 871 3053 loc.
887 3033 935 3058 cit..
951 3032 1001 3053 ciue
1016 3033 1058 3053 elie

184 3076 260 3097 alcuni
275 3081 316 3102 per
330 3076 434 3097 esimersi
449 3076 510 3102 dagli
526 3076 628 3103 obbliglii
644 3077 666 3098 di
682 3082 768 3103 pagare
791 3077 861 3102 censi,
879 3077 948 3103 iegati
963 3077 1056 3098 annuali

1113 2721 1141 2741 cd
1156 2721 1214 2742 ultre
1230 2722 1296 2742 simili
1312 2727 1424 2747 gravene
1439 2728 1451 2742 a
1468 2722 1546 2743 lavore
1561 2723 1621 2748 degli
1637 2722 1715 2743 Ordini
1732 2722 1839 2748 Religiosi
1851 2724 1986 2749 coglicvnnr·

1112 2766 1164 2791 ogni
1181 2768 1286 2792 pretcslo
1311 2772 1351 2792 per
1375 2767 1495 2787 s‹›stituire
1512 2767 1516 2787 i
1534 2767 1628 2788 membri
1645 2768 1666 2788 di
1683 2768 1759 2793 qucgli
1775 2768 1854 2789 Ordini
1877 2774 1918 2789 con
1934 2769 1985 2788 ,11111

1111 2810 1132 2830 di
1148 2810 1227 2830 Ordini
1244 2810 1327 2831 diversi
1344 2818 1357 2831 o
1373 2811 1394 2831 di
1411 2811 1593 2837 Congregaziuni
1609 2812 1817 2833 dell'Osservanza
1833 2812 1893 2833 dello
1909 2817 1985 2833 §tesso

1110 2855 1204 2879 Ordine,
1221 2862 1232 2876 e
1248 2855 1283 2876 cio
1299 2857 1363 2877 sotto
1378 2856 1456 2877 colore
1471 2856 1493 2877 di
1510 2862 1664 2882 proniuovere
1689 2857 1853 2877 l'osservanzn
1870 2858 1976 2881 religiosa

1112 2899 1191 2920 l'ercio
1207 2899 1270 2920 sisio
1286 2900 1313 2920 lV
1330 2900 1400 2921 eurise
1416 2901 1436 2921 la
1452 2901 1554 2921 terribile
1581 2901 1648 2925 bolla,
1671 2901 1712 2921 elie
1727 2907 1767 2921 ora
1782 2901 1811 2927 gli
1829 2901 1951 2922 Eremitiini
1965 2902 1984 2921 di

1110 2944 1132 2964 S,
1149 2944 1260 2964 Mostiola
1276 2949 1350 2965 usano
1365 2950 1377 2965 a
1394 2944 1465 2965 unela
1482 2944 1517 2965 dci
1534 2945 1620 2970 proprii
1636 2945 1717 2970 diritti,
1728 2945 1819 2965 avendo
1830 2945 1891 2966 forse
1903 2945 1922 2965 111
1934 2951 1987 2966 cou-

1112 2988 1203 3009 dizione
1219 2988 1311 3013 misera,
1327 2994 1339 3009 a
1355 2989 1390 3009 cui
1407 2989 1426 3009 le
1442 2994 1523 3014 guerre
1539 2995 1612 3010 avenn
1627 2989 1740 3010 condono
1755 2989 1777 3010 S.
1794 2989 1914 3013 Mostinln,
1930 2990 1985 3010 datu

1113 3034 1217 3058 pretesto
1233 3038 1245 3053 a
1261 3033 1377 3058 qualeuno
1392 3033 1414 3054 di
1430 3033 1562 3054 introdurre
1577 3039 1589 3054 a
1605 3033 1628 3054 S.
1651 3034 1763 3054 Mostiola
1779 3034 1784 3054 i
1802 3033 1908 3059 Religiosi
1925 3034 1946 3053 di
1962 3033 1985 3054 S.

1113 3076 1193 3103 Paulo,
1208 3077 1250 3098 elie
1266 3083 1309 3103 pur
1324 3083 1365 3103 per
1380 3077 1400 3099 le
1415 3083 1496 3103 guerre
1512 3078 1530 3099 si
1547 3079 1675 3099 trovavano
1691 3078 1712 3098 in
1728 3083 1813 3103 povcre
1829 3078 1967 3099 condimoru.
