2305 3407
1781 204 1896 232 xxxix

77 330 230 370 accipere
255 330 319 362 alia
340 331 427 361 bona
453 329 588 361 stabilia
607 330 828 361 consistentia
857 331 887 361 in
908 330 983 370 ipso
1010 329 1160 360 dominio
1180 329 1377 367 Mediolani,
1397 338 1504 370 usque
1522 331 1564 361 ad
1584 331 1705 362 dictam
1733 341 1897 364 summam

80 409 256 432 aureorum
279 404 423 441 quatuor
449 400 536 431 mille
561 403 592 431 et
618 401 801 440 quemlibet
821 401 978 432 idoneum
1006 400 1170 430 notarium
1199 408 1302 439 posse
1329 409 1540 440 quecumque
1560 405 1750 441 opportuna
1778 404 1899 434 instru—

79 476 188 503 menta
213 472 376 503 conficere
401 475 432 503 et
457 474 561 502 testes
588 471 762 508 interesse,
789 481 853 502 non
880 472 1036 502 obstante
1063 471 1155 510 quod
1183 471 1271 501 bona
1299 474 1469 502 transeant
1496 472 1536 502 de
1562 474 1742 512 supposito
1769 475 1798 504 in
1834 484 1898 506 non

78 543 303 582 suppositum,
329 545 360 573 et
384 542 459 573 aliis
484 542 756 582 quibuscumque
790 543 967 573 contrariis
1003 551 1067 572 non
1098 543 1244 579 attentis,
1272 543 1397 582 quibus
1424 542 1469 573 Μ.
1505 542 1541 573 V.
1568 554 1608 573 ex
1637 547 1724 575 certa
1759 546 1898 577 scientia

79 615 109 644 et
133 613 174 643 de
200 613 407 653 plenitudine
433 612 622 652 potestatis,
649 613 679 642 in
708 613 767 643 hac
794 614 911 644 saltem
940 616 1031 653 parte
1057 614 1219 653 derogare
1246 614 1411 653 dignetur,
1440 617 1471 645 ut
1499 618 1651 654 speratur

171 697 184 709 «
203 682 351 720 Quarum
378 686 492 714 tenore
518 686 644 714 mature
679 693 857 724 perpenso,
883 685 1018 715 attentis
1044 685 1223 724 expositis,
1250 685 1412 716 duximus
1438 685 1504 716 illis
1529 695 1675 717 annuere
1702 690 1731 718 et
1759 689 1899 727 proinde

77 754 193 785 harum
220 755 316 789 serie,
341 755 560 785 concedimus
585 758 615 785 et
634 755 876 794 dispensamus
896 759 1098 787 memoratos
1124 756 1370 796 supplicantes,
1390 765 1451 787 suo
1478 760 1508 787 et
1528 758 1661 788 nornine
1687 759 1764 789 dicti
1784 769 1898 790 eorum

75 826 266 857 monasterii
286 828 354 856 tute
372 828 402 856 et
429 826 540 856 valide
566 826 608 857 ad
636 827 831 866 requisitam
860 827 890 857 in
918 828 1097 866 praecibus
1123 828 1395 867 acquisitionem,
1416 837 1475 868 pro
1494 837 1624 860 summa
1644 829 1684 860 de
1704 839 1768 869 qua
1789 831 1819 861 in
1839 832 1898 868 eis,

74 896 232 928 devenire
258 905 372 937 posse,
399 897 509 927 modis
534 899 563 928 et
590 897 706 928 formis
733 900 830 937 prout
858 898 991 937 petitur,
1011 908 1075 929 non
1102 899 1259 929 obstante
1278 899 1368 938 quod
1396 900 1485 930 bona
1510 900 1551 930 de
1570 901 1762 940 supjositis
1782 902 1812 932 in
1833 912 1897 933 non

73 968 273 1008 suppositos
291 967 544 1005 transferantur,
561 968 659 999 bonis
674 970 782 999 tamen
803 969 887 1008 ipsis
905 978 978 1000 cum
995 978 1094 1000 onere
1114 978 1176 1000 suo
1196 970 1448 1001 transeuntibus
1467 971 1538 1002 sine
1554 972 1764 1011 praeiudicio
1780 973 1898 1004 iurium

71 1039 154 1069 tertii
169 1047 208 1069 a:
223 1038 282 1069 fori
298 1039 532 1071 destinatione,
545 1039 669 1079 quibus
684 1039 846 1080 derogare
861 1048 926 1070 non
944 1040 1105 1077 solemus;
1121 1040 1341 1072 decernentes
1356 1041 1540 1081 quemlibet
1556 1043 1713 1074 idoneum
1731 1044 1896 1075 notarium

73 1112 265 1150 opportuna
292 1110 434 1150 quaevis
461 1111 679 1141 instrumenta
705 1111 869 1142 conficere
895 1111 1037 1150 eiusque
1057 1112 1271 1151 pronotarios
1297 1114 1327 1143 et
1353 1114 1456 1144 testes
1474 1113 1553 1144 citra
1573 1123 1715 1154 poenam
1736 1115 1898 1146 interesse

71 1189 184 1221 posse.
211 1182 286 1215 hiis,
313 1190 454 1221 quorum
481 1190 619 1221 praeces
645 1182 835 1219 meminere,
863 1182 893 1212 in
920 1182 1123 1213 contrarium
1150 1182 1355 1214 facientibus
1382 1192 1446 1214 non
1473 1185 1619 1221 attentis,
1641 1186 1766 1225 quibus
1786 1187 1816 1217 in
1836 1187 1898 1218 hac

71 1251 248 1282 dumtaxat
274 1254 366 1292 parte
391 1253 605 1292 derogamus.
633 1252 664 1283 In
692 1261 833 1292 quorum
868 1253 1096 1284 testimonium
1132 1256 1328 1293 praesentes
1363 1254 1474 1295 sigillo
1509 1258 1624 1286 nostro
1659 1257 1804 1289 munitas
1829 1258 1898 1289 fieri

72 1325 104 1353 et
129 1323 298 1363 registrari
326 1323 500 1354 iussimus.
528 1322 603 1354 Dat.
631 1323 829 1357 Mediolani,
855 1324 896 1354 23
930 1322 1073 1364 Augusti
1101 1323 1229 1358 Dva,
1258 1324 1467 1357 Landrianus
1493 1340 1522 1354 ».

160 1394 374 1425 Nominative
400 1395 441 1425 de
467 1394 692 1425 sediminibus
718 1403 736 1425 a
771 1395 874 1425 nobili
902 1398 932 1426 et
957 1404 975 1426 a
1010 1396 1174 1426 massario
1202 1397 1325 1435 positis
1351 1397 1382 1427 in
1417 1397 1490 1428 loco
1517 1398 1557 1429 de
1583 1396 1774 1435 Cortelona,
1807 1401 1897 1431 vica-

71 1466 174 1496 riatus
200 1464 378 1503 Belzoiosi,
405 1463 621 1505 Campaneae
640 1466 805 1497 subtanae
825 1465 962 1506 Papiae.
981 1475 1068 1506 quae
1087 1469 1164 1497 sunt
1189 1475 1263 1497 cum
1291 1468 1363 1499 suis
1382 1468 1553 1505 hedifitiis,
1580 1470 1734 1505 cameris,
1753 1471 1898 1509 solariis,

68 1538 169 1569 curte.
207 1537 411 1573 necessario,
448 1545 536 1570 area,
569 1536 789 1574 columbario,
823 1536 931 1574 furnO,
964 1545 1105 1577 canepa,
1143 1538 1260 1575 stalla,
1287 1538 1448 1569 viridario
1481 1548 1616 1571 annexo
1653 1543 1684 1572 et
1716 1542 1793 1572 aliis
1826 1543 1898 1573 suis

69 1607 197 1638 iuribus
231 1611 262 1639 et
295 1608 517 1648 pertinentiis,
544 1608 596 1639 cui
623 1608 779 1639 cohaeret
805 1608 848 1639 ab
866 1617 947 1645 ,una
981 1611 1074 1648 parte
1101 1611 1215 1646 strata,
1242 1609 1285 1639 ab
1318 1610 1383 1640 alia
1416 1609 1578 1641 Bernardi
1613 1611 1830 1650 Montanarii‚
1856 1614 1900 1644 ab

66 1679 131 1710 alia
158 1679 189 1710 in
216 1681 308 1719 parte
335 1678 422 1710 Petri
450 1679 579 1710 Mariae
606 1678 751 1711 Secundi
780 1680 812 1710 in
839 1682 942 1720 parte,
968 1683 999 1711 et
1025 1681 1056 1710 in
1084 1682 1177 1720 parte
1203 1683 1324 1719 strata;
1351 1684 1382 1712 et
1408 1681 1450 1712 ab
1477 1682 1540 1713 alia
1567 1681 1705 1714 Selmini
1734 1683 1899 1725 Rampini.

65 1751 265 1790 perticarum
291 1753 367 1781 octo
394 1750 444 1781 vel
471 1751 559 1782 circa
586 1751 627 1781 ad
656 1759 849 1782 mensuram
877 1752 1099 1791 papiensem:

160 1821 237 1853 Item
264 1822 305 1853 de
330 1822 418 1862 petia
445 1831 510 1853 una
535 1824 640 1853 terrae
667 1819 785 1853 vineae
812 1823 940 1854 iacente
967 1824 1001 1853 ut
1027 1830 1129 1862 supra
1157 1822 1212 1853 ubi
1241 1823 1361 1854 dicitur
1380 1823 1422 1854 La
1450 1823 1586 1861 Bianca,
1604 1826 1656 1856 cui
1683 1827 1839 1859 cohaeret
1856 1829 1899 1859 ab

71 1902 136 1924 una
162 1896 255 1934 parte
281 1892 360 1926 Rev.
389 1893 538 1924 Fratrum
565 1891 597 1925 S.
624 1892 811 1925 Salvatoris
845 1893 983 1934 Papiae,
1009 1894 1052 1924 ab
1085 1894 1149 1925 alia
1184 1894 1320 1925 Antonii
1347 1895 1388 1926 de
1414 1895 1539 1936 Nigris,
1566 1897 1608 1927 ab
1642 1897 1706 1929 alia
1741 1899 1771 1929 in
1807 1902 1899 1939 parte

74 1964 254 1996 haeredum
280 1963 319 1995 D.
347 1964 414 1995 loh.
441 1963 559 2005 Angeli
585 1965 626 1995 de
653 1964 835 1996 Miliavaca
853 1968 883 1996 et
910 1965 941 1996 in
968 1967 1061 2005 parte
1095 1966 1277 1997 haeredum
1312 1968 1479 2007 magnifici
1507 1967 1686 2009 Capitanei
1715 1970 1898 2002 Hieronimi

74 2035 115 2066 de
139 2033 259 2067 Sachis
285 2038 316 2066 et
349 2036 392 2066 ab
425 2035 491 2066 alia
525 2034 563 2066 D.
592 2035 634 2066 lo.
669 2034 825 2076 Angelini
853 2035 1038 2068 Piacentini
1072 2038 1234 2078 appellati
1267 2039 1285 2069 il
1320 2037 1510 2078 Canevam,
1538 2042 1736 2081 perticarum
1771 2043 1812 2074 35
1847 2044 1897 2074 vel

74 2107 170 2141 circa,
197 2106 239 2137 ad
266 2114 456 2138 mensuram
483 2106 700 2146 papiensem:

163 2176 241 2208 Item
266 2177 307 2208 de
333 2178 422 2217 petia
455 2186 520 2208 una
553 2179 659 2208 terrae
690 2178 808 2209 vineae
842 2179 969 2210 iacente
1005 2182 1038 2210 ut
1071 2188 1174 2220 supra
1209 2181 1264 2211 ubi
1299 2182 1421 2213 dicitur
1450 2182 1480 2213 al
1516 2181 1648 2223 Campo
1681 2184 1819 2224 grande,
1845 2186 1897 2216 cui

76 2248 232 2279 cohaeret
257 2250 319 2279 etc.
345 2249 543 2288 perticarum
569 2248 612 2279 80
638 2249 689 2279 vel
717 2249 826 2280 circa:

164 2318 242 2350 Item
267 2319 308 2350 de
334 2320 422 2359 petia
448 2329 513 2351 una
538 2322 643 2351 terrae
668 2320 787 2352 vineae
813 2321 876 2351 sita
904 2323 937 2352 ut
963 2329 1065 2361 supra
1092 2322 1147 2353 ubi
1175 2323 1296 2354 dicitur
1322 2323 1386 2355 alla
1421 2323 1633 2365 Sbravagha,
1663 2327 1714 2357 cui
1741 2328 1897 2359 cohaeret

78 2392 139 2422 etc.
164 2391 365 2430 perticarum
391 2391 433 2422 26
459 2390 511 2422 vel
537 2392 646 2423 circa:

167 2461 245 2493 item
271 2462 312 2493 de
337 2463 425 2502 petia
453 2471 517 2493 una
542 2465 647 2494 terrae
665 2463 773 2503 campi
794 2464 857 2494 sita
884 2465 917 2494 ut
935 2472 1038 2504 supra
1066 2465 1120 2496 ubi
1148 2466 1269 2497 dicitur
1294 2467 1335 2498 de
1362 2476 1460 2499 verso
1479 2467 1652 2507 Genzono,
1670 2471 1722 2501 cui
1742 2471 1897 2502 cohaeret

78 2536 140 2566 etc.
167 2534 367 2574 perticarum
392 2534 435 2565 40
461 2534 513 2565 vel
540 2534 646 2565 circa:

166 2605 243 2637 Item
270 2606 310 2636 de
337 2606 424 2646 petia
451 2615 515 2637 una
542 2608 646 2637 terrae
672 2608 782 2647 campi
810 2608 874 2639 sita
901 2610 934 2638 ut
960 2616 1063 2648 supra
1090 2608 1144 2639 ubi
1172 2609 1295 2640 dicitur
1319 2610 1348 2641 al
1375 2609 1506 2651 Campo
1533 2612 1645 2653 longo,
1663 2614 1714 2644 cui
1741 2615 1897 2646 cohaeret

79 2678 140 2708 etc.
167 2677 366 2716 perticarum
391 2677 434 2708 40
460 2677 511 2708 vel
538 2678 648 2709 circa:

168 2747 244 2779 Item
271 2748 311 2779 de
337 2749 424 2788 petia
451 2758 515 2780 una
540 2751 645 2780 terrae
663 2751 771 2790 campi
799 2751 862 2782 sita
889 2753 922 2782 ut
949 2760 1051 2792 supra
1078 2752 1133 2783 ubi
1152 2753 1274 2784 dicitur
1291 2754 1321 2784 al
1341 2756 1437 2794 prato
1456 2755 1507 2786 del
1528 2755 1648 2794 Bosco,
1668 2757 1718 2787 cui
1739 2758 1896 2790 cohaeret

81 2821 141 2850 etc.
168 2820 365 2860 perticarum
398 2820 440 2852 30
465 2820 517 2852 vel
544 2822 655 2853 circa:

170 2890 246 2922 Item
273 2891 313 2923 de
339 2892 427 2932 petia
453 2901 518 2923 una
543 2894 649 2924 terrae
675 2895 783 2934 campi
811 2895 873 2925 sita
901 2897 935 2925 ut
960 2903 1074 2935 supra,
1094 2896 1148 2927 ubi
1175 2896 1297 2928 dicitur
1314 2897 1379 2929 alla
1405 2896 1557 2935 Carrera,
1583 2901 1635 2930 cui
1662 2901 1817 2933 cohaeret
1835 2906 1893 2933 etc.

83 2962 284 3002 perticarum
310 2962 352 2994 24
376 2963 428 2994 vel
454 2963 557 2995 circa:

171 3032 248 3064 Item
282 3033 322 3064 de
347 3034 435 3074 petia
461 3043 525 3066 una
550 3036 655 3067 terrae
680 3037 789 3077 campi
816 3037 879 3069 sita
906 3039 939 3069 ut
965 3046 1067 3078 supra
1101 3038 1155 3069 ubi
1182 3039 1304 3071 dicitur
1328 3040 1393 3072 alla
1426 3039 1577 3078 Carrera,
1603 3044 1664 3074 etc.
1691 3043 1891 3082 perticarum

84 3103 127 3135 46
151 3104 204 3135 vel
229 3105 338 3136 circa:
