2305 3407
304 180 364 212 106

1026 360 1367 401 DCCLXXII.

389 473 416 500 11
443 472 587 500 Vicario
614 471 785 500 Genera1e
812 471 904 499 della
931 470 1216 505 Congregazione
1243 470 1427 498 lombarda
1446 470 1627 498 autorizza
1653 469 1676 498 il
1703 469 1883 498 Convento
1901 469 1936 497 di
1956 469 1987 500 S,
2008 469 2116 497 Paolo

302 528 346 554 ad
372 534 438 554 una
465 525 697 556 transazione.

959 619 1109 650 1310,
1142 625 1362 650 111arz09
1395 620 1455 644 2.

857 709 926 732 (ΑΜ-11
959 709 1012 729 Not.
1029 708 1050 728 di
1069 708 1138 729 Pavia
1171 719 1194 721 —
1211 708 1258 728 Atti
1275 708 1296 728 di
1314 707 1426 728 Damiano
1444 707 1557 732 Landolli)

413 843 456 958 Ι
553 859 679 885 nesus.

666 916 776 948 Frater
802 917 989 948 Nicliolaus
1016 915 1256 956 Romagnanus
1282 916 1323 946 de
1349 913 1529 955 Cargnano
1556 914 1732 947 Generalis
1758 915 1912 947 Vicarius
1931 914 2126 956 Congrega-

575 981 676 1011 tionis
703 980 903 1011 Loinbardie
928 978 1067 1011 Ordinis
1094 979 1241 1010 Fratrum
1270 978 1487 1010 Eremitarum
1515 980 1619 1010 sancti
1647 978 1826 1019 Augustini
1843 979 1917 1010 licet
1932 979 2126 1014 immeritus,

307 1044 558 1076 venerabilibus
586 1042 690 1074 Priori
717 1045 747 1074 et
775 1042 946 1073 Fratribus
983 1040 1183 1073 Conventus
1220 1042 1325 1072 sancti
1364 1040 1457 1072 Pauli
1497 1040 1599 1082 papie
1637 1041 1776 1072 salutem
1804 1042 1835 1071 in
1862 1040 2008 1072 Domino
2041 1049 2128 1072 sem-

307 1108 483 1148 piternam.

397 1168 529 1209 Exponi
558 1168 656 1199 nobis
684 1176 789 1207 nuper
826 1167 954 1198 fecistis
991 1167 1082 1207 quod
1122 1167 1205 1197 inter
1243 1167 1330 1197 bona
1368 1166 1538 1206 quondam
1577 1166 1703 1197 domini
1739 1165 1896 1197 lobannis
1922 1166 1962 1196 de
1989 1165 2129 1196 Pavono

307 1232 410 1262 oblati
438 1233 625 1262 conventus
652 1230 752 1261 vestri
772 1228 832 1268 (1),
860 1230 1008 1270 queiure
1023 1229 1170 1269 quodam
1187 1229 1388 1260 hereditario
1425 1229 1605 1260 conventui
1644 1229 1708 1269 ipsi
1736 1228 1900 1268 pertinere
1934 1230 2129 1265 noscuntur,

309 1295 372 1326 dos
398 1294 534 1325 doinine
576 1293 725 1324 Elizabet
765 1292 917 1323 eiusdem
960 1292 1129 1324 consortis
1155 1294 1185 1323 et
1212 1292 1320 1332 ipsius
1346 1291 1436 1322 dotis
1461 1293 1700 1332 augumentum
1727 1293 1951 1328 anumeratur,
1977 1299 2037 1321 nec
2064 1298 2129 1321 non

309 1357 512 1388 domuncula
540 1356 685 1396 quedam
713 1356 775 1387 sita
803 1356 833 1386 in
860 1355 1025 1386 territorio
1063 1353 1290 1387 Castrinoveti
1330 1354 1488 1395 dyocesis
1526 1354 1723 1394 papiensis:
1761 1362 1826 1393 que
1863 1353 1998 1393 quidem
2041 1353 2129 1383 bona

309 1422 420 1460 quiete
448 1429 485 1451 ac
514 1419 651 1460 pacifice
678 1419 854 1459 possidere
881 1427 946 1449 non
973 1418 1104 1452 valetis.
1131 1417 1191 1449 sed
1219 1417 1293 1448 lites
1319 1416 1502 1457 superinde
1528 1418 1665 1447 exortas
1701 1416 1857 1447 continue
1894 1424 2050 1446 exercere
2078 1423 2134 1446 ne-

309 1491 405 1513 cesse
433 1482 574 1513 habetis.
601 1481 717 1521 Nuper
743 1490 822 1511 vero
849 1480 1043 1511 huiusmodi
1082 1480 1208 1518 litibus,
1246 1480 1287 1511 de
1322 1480 1457 1510 comuni
1495 1480 1638 1510 adverse
1677 1479 1782 1519 partis
1823 1486 2005 1515 consensu,
2031 1478 2130 1508 finem

311 1545 483 1584 imponere
510 1544 697 1583 cupientes,
724 1545 874 1573 nostrum
901 1543 942 1573 ad
970 1543 1032 1573 hoc
1073 1542 1321 1583 beneplacitum
1359 1542 1571 1582 postulastis.
1610 1541 1682 1572 Nos
1709 1541 1819 1582 igitur,
1858 1541 1932 1572 lites
1973 1540 2132 1580 religioso

311 1607 410 1638 statui
440 1607 574 1637 minime
599 1606 780 1637 convenire
806 1607 1064 1645 cognoscentes,
1091 1605 1190 1636 vobis
1217 1606 1332 1636 harum
1359 1605 1446 1636 serie
1472 1613 1510 1635 ac
1536 1604 1846 1639 tenore,licentiam
1865 1603 2084 1634 concedimus
2103 1605 2137 1634 ut

311 1670 353 1700 de
380 1669 588 1709 supradictis
613 1669 714 1699 bonis
740 1677 813 1699 curn
841 1668 985 1699 adversa
1012 1670 1104 1708 parte
1130 1668 1311 1699 convenire
1336 1676 1374 1698 ac
1399 1675 1602 1707 componere
1630 1667 1781 1707 possitis,
1808 1665 1996 1696 dummodo
2030 1665 2136 1706 maJOr

313 1741 351 1763 ac
379 1732 493 1762 sanior
519 1740 598 1771 pars
623 1731 761 1771 capituli
791 1731 892 1761 vestri
919 1731 960 1761 ad
989 1730 1020 1761 id
1047 1730 1186 1762 accedat
1212 1739 1414 1767 consensus,
1441 1732 1472 1761 et
1499 1729 1587 1761 bona
1613 1737 1677 1769 que
1705 1729 1781 1760 inde
1808 1729 1977 1760 habebitis
2004 1729 2034 1759 in
2066 1728 2139 1759 evi-

313 1794 447 1825 dentem
476 1793 650 1824 utilitatem
677 1791 879 1824 Conventus
906 1793 1014 1833 ipsius
1041 1793 1287 1832 disponantur;
1325 1792 1563 1823 confirmantes
1600 1793 1631 1822 et
1668 1791 1871 1822 ratificantes
1897 1799 2015 1821 omnes
2040 1792 2136 1821 actus

314 1856 508 1897 legiptimos
527 1865 565 1887 ac
592 1855 725 1895 singula
753 1856 973 1886 instrumenta
999 1855 1182 1895 superinde
1207 1854 1428 1891 conficienda,
1447 1863 1512 1894 que
1528 1853 1679 1894 perpetui
1707 1853 1788 1884 iuris
1813 1862 1851 1884 ac
1879 1853 2011 1883 roboris
2036 1852 2138 1883 firmi-

314 1922 412 1950 tatem
456 1919 606 1950 obtinere
649 1918 816 1956 volumus,
844 1918 874 1948 in
900 1917 1044 1949 Nomine
1085 1916 1194 1949 Patris
1219 1919 1249 1948 et
1275 1916 1347 1948 Filii
1385 1918 1415 1947 et
1452 1915 1598 1957 Spiritus
1635 1914 1759 1953 Sancti,
1786 1914 1902 1947 Amen.
1930 1914 1961 1946 ln
1996 1923 2137 1955 quorum

315 1982 413 2012 fidem
441 1983 614 2021 presentes
640 1981 707 2011 fieri
737 1981 898 2011 iussimus
924 1981 965 2018 et,
992 1980 1078 2019 sigili
1122 1979 1225 2011 nostri
1268 1979 1404 2010 maioris
1446 1979 1668 2019 impressione
1695 1978 1852 2016 munitas,
1878 1986 1977 2008 manu
2004 1977 2138 2017 propria

316 2044 594 2084 subscripsimus.
622 2042 744 2074 Datum
774 2043 971 2080 Mediolani,
999 2043 1029 2073 in
1057 2041 1236 2074 Conventu
1264 2044 1379 2073 nostro
1405 2044 1519 2073 sancte
1546 2041 1652 2072 Marie
1679 2038 1858 2077 Coronate,
1898 2040 1951 2071 die
1988 2039 2136 2071 soconda

317 2107 428 2137 marcii
460 2106 552 2137 1519.
581 2105 670 2137 ldem
697 2105 797 2137 irater
823 2105 986 2136 Nicolaus
1028 2103 1269 2145 Romagnanus
1306 2102 1508 2145 Cargnanus
1550 2103 1703 2135 Vicarius
1744 2101 1920 2135 Generalis
1945 2101 2140 2143 Congrega-

317 2169 418 2199 tionis
446 2168 605 2209 indignus
632 2177 730 2199 manu
759 2168 905 2209 propria.

1054 2316 1422 2356 DCCLXXIII.

408 2426 434 2454 11
461 2427 615 2454 Comune
642 2426 676 2454 di
703 2427 814 2454 Pavia
841 2427 965 2454 ordina
993 2426 1015 2454 il
1042 2430 1251 2462 pagamento
1277 2425 1311 2454 di
1336 2434 1380 2453 un
1406 2425 1540 2453 credito
1567 2425 1622 2453 del
1649 2424 1830 2452 Convento
1857 2424 1891 2451 di
1918 2423 1952 2452 S.
1982 2423 2100 2453 Paolo.

1004 2550 1022 2573 1
1029 2549 1145 2577 319,
1179 2556 1214 2574 a
1221 2549 1379 2580 1)¹·ile,
1412 2549 1451 2573 1.

784 2638 860 2658 (Arcti,
878 2637 913 2657 del
931 2637 1014 2657 Museo
1030 2637 1109 2658 Civico
1125 2637 1145 2657 di
1162 2637 1233 2657 storia
1251 2637 1325 2662 patria
1343 2647 1365 2649 ᾉ
1382 2636 1429 2656 Atti
1446 2636 1467 2656 di
1486 2635 1553 2656 prov.
1571 2640 1643 2660 paceo
1658 2636 1687 2655 91.

342 2834 343 2839 1
374 2776 524 2891 M
566 2775 675 2827 Ὀχιχ,
701 2790 754 2820 die
781 2791 887 2830 primo
913 2790 1041 2830 aprilis,
1068 2791 1098 2821 in
1126 2790 1289 2830 vesperis.

342 2890 343 2902 ἵ
684 2850 884 2883 Convocata
909 2852 1082 2889 conscilio,
1108 2854 1168 2883 etc.

341 2950 374 2951 φ
482 2950 485 2951 ⁷
684 2912 806 2945 Circlia
832 2914 1083 2954 requisitionem
1110 2913 1230 2944 factam
1258 2922 1315 2953 per
1333 2913 1489 2944 dominos
1504 2912 1621 2944 tratres
1636 2911 1668 2944 S.
1684 2911 1791 2950 Pauli,
1806 2912 1981 2943 comittunt
1996 2911 2142 2943 dominis

386 3073 402 3092 :l
434 3072 490 3093 Vedi
506 3072 511 3093 i
528 3072 660 3093 documenti
676 3071 712 3092 del
730 3071 754 3092 13
768 3071 885 3093 diccmbre
903 3072 960 3097 1510,
976 3072 998 3092 21
1016 3071 1120 3092 icbbraio
1134 3072 1181 3093 l5ll
1201 3077 1211 3092 e
1270 3071 1293 3091 12
1307 3071 1379 3097 aprile
1397 3071 1454 3092 1519,
