2305 3407
287 71 352 103 222

285 214 323 237 ac
349 205 476 237 Ordine
503 206 665 246 predicto,
691 206 920 243 stabilitatem,
947 215 1074 237 morum
1089 207 1360 244 conversionem,
1379 207 1618 246 obedientiam,
1637 209 1876 240 continentiam
1903 212 1934 240 et
1960 218 2104 250 pauper-

284 271 384 299 tatem
413 269 505 299 iuxta
531 268 680 309 regulam
708 267 848 300 Ordinis
874 269 1014 308 predicti
1041 271 1072 300 et
1098 269 1175 306 alia,
1200 269 1242 300 ad
1269 278 1334 309 que
1360 268 1480 301 fratres
1506 270 1650 310 professi
1677 271 1756 302 dicti
1783 269 2101 309 Ordinistenentur,

283 338 430 361 servare.
456 329 566 368 Quam
593 331 730 371 quidem
758 331 1008 362 dedicationem
1035 333 1065 362 et
1092 330 1403 371 professionemsic
1419 334 1569 372 utsupra
1595 331 1728 370 factam,
1746 333 1942 373 dictumque
1967 333 2100 365 fratrem

284 391 326 422 lo.
354 391 537 423 Antonium
577 396 766 433 presentem
805 396 835 423 et
874 393 1054 430 volentem,
1080 392 1200 433 prefati
1239 391 1278 423 D.
1307 391 1402 423 Prior
1426 395 1457 424 et
1482 392 1601 425 fratres
1638 394 1866 425 adinisserunt
1891 397 1921 426 et
1947 398 2102 435 accepta-

283 457 401 486 verunt
427 464 465 486 ac
491 455 671 486 admittunt
697 458 727 486 et
752 456 929 495 acceptant
956 455 987 485 in
1015 455 1147 486 fratrem
1175 453 1368 495 professum
1395 457 1427 486 et
1453 455 1643 487 dedicatum
1670 465 1708 487 ac
1734 465 1794 496 pro
1821 456 1918 488 fratre
1945 457 2102 497 professo

282 520 313 548 et
339 517 498 548 dedicato
524 517 602 548 dicti
629 520 819 548 conventus
845 519 875 547 et
902 515 1063 557 Capituli,
1100 517 1301 548 mandantes
1326 519 1357 547 et
1383 517 1537 548 volentes
1575 517 1693 558 prefati
1731 517 1771 549 D.
1806 517 1900 549 Prior
1924 522 1955 550 et
1981 518 2102 550 fratres

281 588 319 610 ac
346 577 543 619 Capitulum
571 578 663 618 quod
690 578 731 609 de
757 581 868 609 cetero
906 579 980 618 ipse
1013 577 1115 610 frater
1141 578 1183 609 lo.
1211 577 1378 609 Antonius
1405 581 1561 610 tractetur
1586 582 1617 610 et
1643 583 1816 620 reputetur
1842 580 1872 610 in
1900 580 1989 611 dicto
2021 589 2101 612 con-

283 644 384 672 ventu
412 644 442 672 et
469 639 595 672 Ordine
622 649 682 680 pro
708 639 807 671 fratre
834 639 990 680 professo
1028 641 1106 671 dicti
1141 643 1332 672 conventus
1357 642 1387 671 et
1413 641 1550 681 capituli
1578 644 1607 672 et
1634 642 1724 682 quod
1764 645 1873 673 utatur
1898 644 1929 673 et
1955 643 2102 682 potiatur

282 703 348 734 illis
375 703 564 743 privilegiis
591 702 717 742 quibus
742 702 797 733 alii
826 702 945 734 fratres
971 702 1117 743 professi
1144 703 1222 734 dicti
1250 701 1390 735 Ordinis
1415 703 1563 743 gaudent
1589 706 1619 735 et
1645 705 1818 744 potiuntur
1843 714 1881 736 ac
1907 705 1995 736 soliti
2023 708 2101 737 sunt

279 765 429 805 gaudere
456 769 485 796 et
513 764 623 804 potiri.
662 763 901 796 Promittentes
939 766 1078 805 insuper
1103 767 1133 796 et
1160 766 1203 797 ita
1230 766 1477 806 promisserunt
1502 769 1532 798 et
1559 767 1756 807 promittunt
1783 767 1901 808 prefati
1939 766 1979 798 D.
2006 767 2100 799 Prior

279 830 309 858 et
337 826 468 858 Fratres
494 835 556 857 suo
584 827 718 858 nomine
743 835 781 858 ac
808 827 942 858 nomine
968 830 999 858 et
1025 828 1097 858 vice
1124 836 1417 868 quorumcumque
1458 837 1692 861 successorum
1731 838 1869 860 suorum
1895 832 1927 860 et
1951 827 2099 870 Capituli

280 889 420 929 predicti
448 889 557 920 eidem
586 888 625 920 D.
652 888 743 920 fratri
771 888 813 920 lo.
842 888 990 920 Antonio
1017 890 1162 929 presenti
1190 892 1221 921 et
1248 890 1422 930 stipulanti
1449 899 1486 922 ac
1512 892 1702 931 acceptanti
1729 891 1837 922 eidem
1865 891 1943 922 dare
1970 894 2000 923 et
2026 900 2100 932 pre-

279 954 376 987 stare,
405 954 475 982 toto
501 953 651 991 tempore
679 952 745 982 vite
771 960 831 982 sue
858 953 996 989 tantum,
1024 952 1147 983 victum
1175 953 1206 983 et
1232 952 1390 983 vestitum
1417 953 1672 988 condecentem,
1699 954 1774 993 ipso
1791 952 1830 984 D.
1846 952 1936 984 fratri
1965 953 2007 984 Io.
2034 953 2101 985 An-

277 1014 370 1044 tonio
397 1016 636 1053 perseverante
664 1014 694 1044 in
722 1014 850 1045 habitu.
876 1012 950 1051 Que
977 1014 1089 1045 omnia
1115 1017 1147 1045 et
1173 1014 1316 1055 singula,
1344 1016 1406 1046 etc.
1433 1017 1464 1046 et
1490 1016 1576 1051 inde,
1603 1018 1664 1047 etc.
1693 1014 1912 1047 presentibus
1938 1018 1999 1047 etc.
2017 1013 2078 1055 (l).

1057 1215 1309 1256 CMXVI.

368 1333 396 1361 11
423 1333 587 1369 Capitolo
613 1333 648 1361 di
675 1334 709 1363 S.
735 1333 912 1369 Agostino
937 1333 1060 1369 elegge
1085 1343 1130 1362 un
1155 1335 1401 1366 Procuratore,

893 1456 1058 1487 1348,
1091 1457 1375 1488 gel111aio‚
1409 1457 1500 1482 23.

843 1553 912 1574 Areli,
929 1553 1010 1574 Notar.
1028 1553 1049 1574 di
1067 1553 1146 1574 Pavia.
1164 1565 1188 1568 -—
1204 1554 1252 1575 Atti
1268 1554 1290 1575 di
1307 1554 1431 1575 Gerolamo
1447 1555 1548 1576 Ouallai.

387 1747 432 1861 I
522 1765 546 1791 N
571 1761 722 1792 secundo
748 1761 896 1793 claustro
922 1762 1116 1793 monasterii
1143 1762 1250 1793 sancti
1276 1761 1501 1803 Augustini....
1529 1772 1633 1803 prope
1661 1763 1808 1794 hostium
1828 1772 1895 1804 quo
1915 1764 2099 1805 ingreditur

545 1823 587 1854 ad
613 1823 836 1855 reffectorium
862 1824 1058 1865 contiguum
1086 1824 1241 1864 coquine,
1278 1824 1426 1856 adunato
1450 1825 1473 1856 il
1499 1823 1665 1865 Capitolo,
1703 1826 1743 1857 de
1770 1826 1929 1857 mandato
1970 1827 2096 1858 domini

451 1921 511 1923 7*
546 1886 696 1926 magistri
723 1885 835 1918 fratris
861 1886 905 1917 lo.
932 1886 1085 1927 Baptiste
1112 1887 1153 1918 de
1179 1885 1406 1928 Cremagnola
1425 1887 1562 1925 Prioris,
1591 1888 1645 1919 nel
1661 1888 1758 1928 quale
1777 1890 2036 1921 trovaronsicon
2054 1890 2102 1922 lui

277 1947 492 1979 baclialarius
517 1947 619 1979 frater
646 1948 850 1980 Fortunatus
876 1949 916 1980 de
943 1947 1104 1987 CerranO,
1130 1949 1231 1981 frater
1256 1948 1415 1990 Orpheus
1441 1950 1481 1981 de
1507 1949 1682 1988 Vercellis,
1719 1950 1819 1982 frater
1852 1950 2034 1992 Philippus
2058 1952 2099 1984 de

277 2009 350 2047 Ast,
377 2009 476 2042 frater
502 2010 664 2042 Nicolaus
691 2011 731 2042 de
759 2010 872 2048 Lenta,
898 2011 999 2042 frater
1025 2011 1167 2042 Iacobus
1192 2012 1233 2043 de
1259 2014 1377 2043 sancto
1403 2012 1558 2050 Nazario,
1594 2011 1695 2043 frater
1720 2010 1857 2044 Gabriel
1895 2013 1936 2044 de
1963 2011 2100 2045 Crema-

277 2072 390 2113 gnola,
416 2072 517 2104 frater
544 2073 691 2105 Lazarus
728 2074 769 2104 de
807 2072 989 2111 Placentia,
1027 2073 1127 2105 frater
1164 2073 1378 2114 Augustinus
1415 2074 1456 2105 de
1493 2073 1610 2115 Papia,
1647 2074 1749 2106 frater
1775 2074 2032 2107 Bertliolameus
2057 2076 2098 2107 de

276 2132 513 2175 Cremagnola,
551 2135 652 2167 frater
689 2134 836 2175 Spiritus
863 2136 903 2167 de
930 2135 1145 2174 Bellenzona,
1170 2136 1378 2168 facientes...
1405 2136 1472 2168 fere
1505 2139 1609 2168 totum
1637 2139 1667 2168 et
1693 2138 1858 2178 integrum
1892 2136 2099 2178 Capitulum,

276 2197 307 2227 si
330 2196 446 2237 elegge
472 2206 491 2228 α
514 2200 727 2238 procuratore
764 2197 904 2237 Dlonigr'
939 2198 983 2229 cla
1019 2197 1321 2236 Sesto,m1·l‹mese‚
1359 2199 1401 2230 ad
1440 2200 1737 2231 instrumentorum
1773 2200 2015 2240 producionem
2053 2199 2102 2232 fa-

278 2259 435 2290 ciendam
463 2269 574 2291 coram
602 2260 791 2291 illustribus
817 2261 964 2292 cesareis
991 2261 1207 2293 senatoribus
1232 2262 1380 2293 dominis
1406 2262 1547 2293 Marcho
1581 2261 1787 2294 Barbavaria
1813 2265 1843 2294 et
1870 2262 1968 2294 Petro
1995 2261 2100 2294 Paulo

279 2320 436 2361 Rigliono
462 2323 610 2353 cesareis
635 2323 764 2354 ellectis
789 2327 820 2354 et
846 2332 905 2354 seu
932 2324 1106 2364 deputatis
1131 2332 1234 2364 super
1259 2333 1346 2355 nova
1373 2326 1403 2355 et
1429 2333 1488 2356 seu
1515 2325 1630 2356 ultima
1658 2325 1896 2356 reformatione
1914 2325 2030 2356 extimi
2050 2334 2102 2356 ru-

280 2384 359 2415 ralis
387 2385 576 2424 papiensis,
599 2393 661 2425 per
683 2385 716 2416 Ia
741 2385 988 2417 cancellazione
1014 2386 1048 2417 di
1072 2395 1114 2417 un
1140 2388 1264 2418 terreno
1286 2387 1416 2427 prativo
1442 2388 1473 2418 in
1499 2387 1620 2419 Besute
1636 2385 1697 2427 (2).

335 2550 365 2572 (11Ὶ
382 2549 528 2571 Ricardiamo
544 2551 582 2576 qni
600 2551 613 2571 il
631 2552 782 2575 testamento,
799 2554 882 2577 rogato
898 2552 926 2572 da
943 2552 1019 2573 Guido
1043 2552 1162 2577 mangano
1217 2552 1360 2573 documento
1376 2553 1412 2574 del
1428 2554 1499 2579 testo,
1515 2553 1588 2574 anche
1605 2554 1609 2574 i
1626 2553 1678 2574 frati
1701 2553 1759 2575 Gian
1783 2553 1885 2574 Antonio
1907 2554 1935 2574 da
1958 2553 2070 2579 Gropello
2085 2559 2098 2575 e

282 2594 303 2614 ai
322 2594 345 2614 12
360 2595 453 2615 ottobre
472 2595 529 2619 15-17,
545 2595 580 2616 col
597 2596 666 2621 quale
682 2596 792 2621 magister
808 2596 916 2617 Salomon
929 2597 956 2617 de
968 2597 1166 2623 Cipi-lanis,tl1iiis

283 2639 402 2664 quondam
419 2638 534 2664 Baptiste,
551 2640 728 2660 bai-bitunsorw
744 2640 844 2661 cadaver
860 2646 928 2661 suum
949 2641 1041 2667 sepeliri
1058 2642 1125 2662 iussit
1142 2644 1164 2662 et

282 2683 347 2704 iubet
363 2683 384 2703 in
401 2684 499 2704 ecclesia
515 2684 588 2704 sancti
605 2684 729 2709 Augustini
747 2684 818 2710 Papie
834 2686 856 2705 et
873 2685 894 2705 in
910 2685 1014 2706 claustro
1039 2686 1114 2711 ipsius
1129 2691 1165 2707 ec-

284 2727 353 2748 clesie
368 2727 398 2748 ad
413 2728 527 2753 capellam
544 2728 612 2748 beate
628 2728 702 2749 Marie
717 2729 856 2749 existentem
872 2729 894 2749 in
909 2729 972 2750 dicto
987 2730 1091 2751 claustro
1107 2731 1128 2751 et
1145 2730 1166 2750 in

283 2772 405 2797 sepultura
421 2772 506 2793 ibidem
521 2772 550 2793 ad
566 2772 651 2793 dictam
668 2773 781 2799 capellam
798 2773 922 2794 existente.

337 2816 368 2839 ‹2›
383 2816 433 2842 Agli
449 2817 462 2837 8
476 2816 582 2837 tebbmio
598 2817 634 2838 del
653 2817 710 2843 1548,
726 2822 769 2838 con
785 2819 836 2838 atto
852 2818 874 2838 di
890 2817 948 2839 Gran
971 2818 1099 2840 Domenico
1124 2818 1166 2839 Pn-

284 2860 342 2885 veri,
357 2860 415 2881 Gian
432 2860 560 2882 Domenico
585 2861 720 2882 Mazzaccni
741 2862 824 2887 vende,
841 2868 881 2888 per
897 2863 937 2883 lire
955 2863 991 2883 160
1006 2863 1128 2889 imperiali,
1146 2863 1169 2883 16

285 2904 389 2930 perticlie
404 2904 426 2925 di
443 2907 544 2931 terreno,
560 2905 581 2925 in
599 2904 672 2926 Ponte
688 2905 770 2927 Carale
786 2906 822 2927 nel
839 2906 912 2927 Pareo
923 2913 1009 2932 nuovo,
1024 2907 1045 2928 al
1061 2906 1170 2933 Capitolo

285 2948 308 2969 di
323 2948 346 2970 S.
363 2949 485 2975 Agostino,
501 2949 523 2970 di
540 2950 576 2971 cui
593 2949 663 2971 fanno
679 2952 754 2977 parte,
777 2951 836 2972 oltre
851 2951 857 2972 i
874 2951 982 2977 Religiosi
1005 2952 1117 2973 nominati
1133 2953 1168 2973 nel

1221 2596 1280 2617 frate
1297 2597 1401 2617 Lorenzo
1417 2597 1445 2617 da
1462 2597 1540 2618 Pavia.
1558 2597 1573 2618 ll
1589 2597 1699 2623 Capitolo
1722 2598 1759 2624 poi
1782 2598 1884 2618 concede
1900 2597 2044 2619 l'usulrutto
2060 2603 2100 2624 per

1220 2643 1281 2661 tutta
1298 2641 1318 2661 la
1335 2642 1390 2667 vita,
1407 2641 1442 2662 dei
1459 2642 1510 2662 beni
1526 2642 1664 2667 comper-ati,
1679 2647 1692 2662 a
1708 2641 1767 2663 frate
1784 2642 1896 2667 Lorenzo,
1913 2642 1977 2663 fratri
1993 2642 2101 2668 professo

1220 2685 1241 2705 in
1257 2685 1320 2706 dicto
1336 2686 1478 2706 monasterio
1494 2687 1516 2707 et
1533 2692 1573 2712 per
1588 2686 1669 2707 literas
1684 2692 1725 2707 seu
1742 2687 1818 2707 bullas
1832 2686 1977 2712 apostolicas
1997 2692 2099 2708 recessot

1223 2729 1261 2750 Fin
1277 2729 1314 2750 dal
1329 2730 1340 2749 «l
1356 2730 1484 2750 settembre
1502 2730 1559 2755 1546,
1576 2730 1598 2751 in
1614 2736 1643 2751 un
1659 2731 1710 2751 atto
1726 2730 1786 2751 dello
1810 2732 1889 2752 stesso
1913 2731 1993 2752 notaio
2009 2730 2100 2757 Paveri,

1222 2774 1240 2794 si
1257 2775 1324 2794 trova
1340 2773 1411 2795 frater
1437 2774 1575 2795 Laurentius
1590 2774 1618 2796 de
1634 2774 1774 2801 Brambillis,
1791 2775 1852 2796 lilius
1875 2775 1992 2801 quondam
2015 2775 2101 2796 domini

1220 2818 1322 2843 Antonii,
1339 2818 1432 2839 Ordinis
1447 2819 1521 2840 sancti
1537 2819 1662 2845 Augustini
1677 2821 1700 2841 et
1716 2825 1776 2841 nuuc
1787 2820 1868 2841 vivens
1878 2821 2026 2846 separatusa
2037 2819 2102 2841 dicto

1224 2864 1375 2884 monasterio.

1279 2908 1305 2929 Αἰ
1321 2908 1347 2929 D
1360 2908 1466 2930 febbraio
1482 2909 1504 2930 lo
1519 2910 1597 2930 stesso
1612 2909 1724 2935 capitolo,
1740 2915 1783 2931 con
1797 2911 1849 2930 atto
1864 2909 1886 2930 di
1903 2909 2032 2930 innocenzo
2053 2908 2103 2930 Ma-

1225 2953 1307 2979 rinoni,
1323 2953 1403 2979 elegge
1418 2958 1431 2974 a
1446 2953 1619 2975 conservatore
1635 2953 1671 2975 del
1687 2955 1802 2975 convento
1818 2954 1832 2975 i1
1849 2953 1963 2975 Prevosto
1979 2953 2038 2974 della
2049 2952 2102 2975 Cat—
