2305 3407
246 177 311 209 244

241 318 377 341 munere
402 310 558 342 exornari
585 310 741 346 debeant,
769 310 862 350 quod
888 312 919 342 et
944 319 1059 341 eorum
1087 310 1182 342 labor
1217 310 1395 351 virtusque
1421 310 1569 351 requirit,
1594 312 1626 342 et
1650 310 1727 342 aliis
1752 310 1797 342 ob
1822 319 1936 352 parem
1968 311 2065 343 meri-

242 374 349 403 torum
376 372 539 403 rationem
565 371 708 403 conferri
735 371 842 403 solet:
868 370 1052 412 Propterea
1093 380 1168 403 cum
1193 372 1424 413 acceperimus
1449 374 1480 404 te
1507 372 1538 403 in
1565 381 1598 403 r:
1623 371 1782 404 litteraria
1807 374 1840 404 et
1871 372 2063 405 desudasse

241 434 298 465 diu
324 436 355 465 et
382 443 446 465 non
474 442 592 474 parum
618 433 815 474 profecisse,
843 442 883 465 ne
910 434 1020 465 minus
1047 434 1078 465 in
1105 436 1135 466 te
1162 443 1263 474 quam
1301 435 1332 466 in
1372 436 1526 466 caeteros
1551 434 1704 466 eiusdem
1747 434 1932 466 industriae
1973 435 2066 467 viros

240 496 323 537 grati
350 505 388 528 ac
415 496 556 528 benefici
584 496 771 534 videamur,
798 497 1005 537 presentium
1032 499 1157 532 tenore,
1195 497 1370 537 nostrique
1411 496 1514 528 officii
1540 497 1750 535 auctoritate,
1784 496 1977 528 facultatem
2004 497 2063 529 tibi

242 558 386 591 facimus
423 559 629 600 magistralia
666 559 738 590 sive
775 559 973 591 doctoratus
1011 559 1168 600 insignia,
1195 560 1227 590 in
1254 560 1376 600 quavis
1406 559 1646 597 Universitate,
1659 558 1744 591 vela
1770 567 1984 600 quocumque
2009 568 2066 591 au-

241 621 427 653 ctoritatem
455 621 610 659 habente,
636 630 711 652 cum
738 621 882 659 libuerit,
901 621 1126 662 suscipiendi,
1154 621 1229 653 licet
1255 624 1364 653 tamen
1392 622 1531 662 praevio
1557 622 1712 653 examine
1739 621 1902 663 rigoroso.

331 683 490 715 Volentes
516 686 549 715 ut
576 686 653 724 post
679 686 839 724 suscepta
866 683 1024 724 insignia,
1050 684 1178 715 eisdem
1205 684 1334 724 gratiis,
1364 683 1634 716 immunitatibus
1659 685 1691 715 et
1716 683 1905 724 privilegiis
1923 683 2065 724 potiaris

241 747 366 787 quibus
392 746 516 777 caeteri
543 746 705 787 magistri,
732 747 848 776 nostro
867 745 898 776 in
918 744 1056 782 Ordine,
1076 746 1175 786 potiri
1195 748 1455 778 consueverunt.
1474 744 1642 787 Cupimus
1668 747 1789 783 tamen,
1816 747 1850 776 ut
1883 747 2065 786 postquam

240 808 283 839 ad
309 810 458 848 optatam
487 808 624 839 honoris
652 810 771 839 metam
810 808 1018 848 perveneris,
1057 807 1205 847 graviter
1240 809 1271 839 et
1297 809 1521 848 temperanter
1551 808 1656 849 degas
1682 816 1720 840 ac
1747 816 1785 839 ea
1811 807 2010 848 prudentiae
2035 808 2067 839 et

242 871 377 901 virtutis
403 869 514 901 officia
552 870 593 901 de
619 872 650 901 te
688 872 851 910 praestes,
885 869 1010 909 quibus
1047 871 1078 901 et
1114 872 1145 901 te
1183 870 1300 901 merito
1336 878 1449 901 amare
1487 872 1517 901 et
1554 872 1609 901 tua
1647 869 1853 910 quandoque
1889 878 1993 910 opera
2019 869 2064 901 uti

242 933 426 973 possimus.
453 931 485 963 In
512 932 655 963 Nomine
682 930 791 964 Patris
816 934 847 963 et
874 931 944 963 Filii
971 934 1002 963 et
1028 930 1174 972 Spiritus
1200 930 1327 967 Sancti,
1354 931 1469 963 Amen.
1496 931 1578 963 Vale
1604 932 1635 963 in
1662 931 1820 963 Domino.
1858 931 2008 969 Arimini,
2035 931 2065 962 in

242 993 402 1035 Capitulo
428 993 598 1032 Generali,
624 994 677 1026 die
704 993 743 1025 VI
765 993 852 1035 Junii
891 993 1029 1032 MDLV,
1067 994 1171 1026 nostri
1198 993 1301 1025 officii
1329 993 1430 1025 solito
1455 993 1520 1025 sub
1546 993 1669 1034 sigillo.
1696 993 1808 1025 Frater
1833 991 2067 1026 Christoforus

244 1055 421 1089 Generalis
448 1057 608 1098 indignus
634 1054 696 1096 (l).

981 1258 1330 1299 cnuXJAFHL

332 1367 358 1395 11
385 1367 566 1396 Convento
592 1367 626 1396 di
652 1368 686 1396 S.
714 1367 826 1396 Paolo
851 1366 972 1404 elegge
999 1368 1022 1396 il
1049 1367 1323 1397 Conservatore.

903 1490 1058 1521 1666,

1091 1496 1198 1515 ma
1204 1497 1312 1522 rzo,
1345 1490 1418 1516 17.

834 1579 902 1599 Arcu.
919 1578 1000 1599 Notat.
1016 1578 1038 1599 di
1055 1578 1126 1599 Pavia
1142 1589 1166 1592 —
1182 1579 1229 1600 Atti
1246 1579 1268 1599 di
1284 1579 1386 1600 Antonio
1401 1579 1469 1600 Cossi
1487 1595 1491 1600 .

313 1763 436 1878 N

245 1962 383 1993 formam
411 1963 488 1994 dicti
516 1963 566 1994 sui
595 1963 805 1994 instrumenti
840 1963 1029 1994 sindicatus
1055 1964 1086 1993 et
1113 1971 1287 2002 procure...
1314 1962 1427 2003 ellegit
1453 1964 1483 1994 et
1509 1962 1613 2003 elligit
1640 1963 1670 1994 in
1698 1963 1842 1994 iudicem
1868 1965 1900 1994 et
1935 1971 2070 1994 conser-

491 1780 580 1806 ELLA
606 1784 686 1806 casa
723 1775 777 1806 del
811 1775 982 1806 causidico
1021 1774 1131 1807 Guido
1167 1775 1350 1815 Mangano,
1376 1776 1408 1807 itt
1434 1775 1633 1807 Parrocchia
1658 1775 1693 1808 ἀί
1717 1774 1749 1808 S.
1777 1775 1940 1810 Romano.
1968 1775 2069 1809 Reve-

513 1838 670 1869 rendus...
698 1837 857 1869 dominus
893 1836 994 1868 frater
1030 1835 1166 1869 Gabriel
1204 1837 1246 1868 de
1276 1837 1424 1869 Ferraria
1461 1838 1552 1878 prior
1576 1846 1616 1869 ac
1652 1838 1837 1870 sindicus...
1875 1838 2068 1870 monasterii

513 1901 617 1931 sancti
646 1899 774 1931 Pauli...
801 1909 843 1931 ex
870 1900 1100 1931 auctoritate...
1128 1899 1258 1940 prefato
1284 1900 1422 1931 domino
1449 1900 1550 1940 priori
1570 1909 1607 1931 ac
1631 1900 1795 1932 sindic0...
1821 1909 1984 1932 concessa
2011 1909 2069 1941 per

827 2024 955 2056 Pauli...
982 2025 1205 2056 reverendum
1233 2025 1498 2056 iureconsultum
1524 2025 1697 2056 dominum
1718 2024 1857 2056 Fabium
1876 2025 2067 2057 Viustinum

1298 2087 1519 2118 habitatorem
1565 2086 1668 2128 Papie
1711 2088 1741 2118 in
1783 2087 1942 2119 domibus
1983 2088 2068 2120 dicte

244 2028 426 2056 vatorem...
454 2025 652 2056 Monasterii
680 2026 787 2056 sancti

244 2086 458 2128 prepositum
495 2087 638 2119 ecclesie
675 2086 834 2119 Omnium
876 2086 1075 2119 Sanctorum
1119 2086 1255 2127 Papie...

245 2149 386 2180 ecclesie
411 2148 570 2180 Omnium
598 2148 797 2181 Sanctorum
824 2147 884 2189 (2).

302 2306 331 2329 (l)
347 2306 403 2326 Vedi
420 2306 432 2326 il
449 2306 590 2327 documento
607 2306 642 2326 del
658 2306 671 2326 6
686 2307 814 2326 settembre
833 2306 889 2327 1556Δ

302 2350 331 2374 (2)
347 2350 371 2371 Αἰ
388 2351 413 2371 29
428 2350 533 2371 febbraio
549 2350 570 2371 di
588 2351 744 2376 quest'auno,
771 2351 784 2370 il
801 2350 920 2376 Consiglio
937 2351 957 2371 di
975 2350 1126 2371 Provvisione

249 2394 325 2417 (Areli.
351 2395 387 2415 del
410 2395 471 2415 Mus.
489 2395 537 2416 Civ.
555 2395 576 2415 di
592 2397 650 2416 stor.
678 2396 753 2421 patria
774 2395 795 2415 di
813 2395 890 2416 Pavia.
907 2406 915 2409 -
930 2395 981 2416 Atti
996 2396 1021 2416 di
1036 2395 1127 2416 '‘rom-1*-

250 2439 324 2463 sione,
342 2445 413 2464 paceo
432 2440 463 2461 l‘Jl
487 2440 620 2460 concedeva
645 2440 666 2460 al
691 2442 808 2460 convento
824 2440 845 2460 di
861 2440 884 2460 S.
902 2440 974 2460 Paolo
990 2446 1031 2465 pro
1047 2440 1126 2460 elimo-

248 2484 298 2504 sina
314 2484 386 2509 gratis
402 2486 423 2504 et
439 2490 519 2504 amore
535 2484 575 2505 Dei
593 2485 744 2509 proliacvice
760 2486 850 2505 tantum
866 2486 947 2505 sentos
964 2487 1064 2510 quatuor
1080 2484 1128 2504 auri

250 2528 288 2553 qui
305 2528 391 2549 faciunt
407 2528 478 2548 libras
494 2529 573 2553 viginti
590 2529 648 2549 duas
664 2529 818 2554 imperialium
841 2529 868 2549 de
885 2530 1072 2554 quibuscumque
1089 2535 1127 2554 pe-

250 2572 324 2592 cuniis
340 2572 429 2597 prefate
446 2572 566 2597 magnifice
582 2573 734 2593 comunitatis
749 2575 795 2593 tam
812 2574 901 2594 exactis
917 2579 985 2599 quarn
1002 2574 1128 2599 exigendis.

304 2615 428 2636 f'arimenti
444 2616 464 2636 ai
480 2617 502 2637 31
521 2617 615 2637 ottubre
638 2617 659 2636 lo
684 2619 762 2637 stesso
787 2616 907 2642 Consiglio
929 2617 951 2637 di
978 2617 1128 2638 l’rovvisione

252 2660 346 2681 ‘ibidem
381 2660 462 2681 audita
474 2661 627 2686 requisitione
651 2661 737 2681 ibidem
760 2660 820 2681 facta
845 2661 937 2682 nomine
961 2662 1127 2682 venerabilium

250 2704 396 2725 dominorum
412 2704 508 2725 fratrum
524 2705 598 2725 sancti
616 2705 679 2725 Pauli
696 2706 824 2731 petentium
848 2706 870 2726 in
895 2706 979 2726 effectu
1003 2706 1066 2732 quod
1090 2707 1124 2727 at-

251 2750 314 2769 tenta
331 2750 471 2774 paupertate
486 2754 566 2769 eorum
583 2749 717 2769 monasterii
735 2749 775 2770 hec
791 2749 912 2775 magnifica
928 2750 1060 2771 comunitas
1075 2750 1129 2771 velit

250 2792 346 2818 eysdem
361 2793 462 2818 aliquam
479 2792 623 2813 elimosinam
643 2792 734 2814 facere:
759 2792 904 2818 Quodcirclia
924 2793 1010 2814 factum
1026 2796 1062 2815 est
1078 2799 1129 2820 par-

251 2837 319 2857 titum
335 2842 363 2857 an
379 2837 488 2863 expediat
504 2837 538 2858 vel
555 2842 590 2861 ne,
607 2837 722 2863 videlicet,
739 2838 803 2863 quod
820 2837 859 2858 fiat
876 2838 962 2859 bulleta
978 2838 1073 2859 domino
1083 2839 1132 2860 tlte-

250 2882 356 2902 saurario
372 2881 483 2902 Comunis
500 2881 570 2907 papie
586 2881 691 2902 solvendi
717 2882 844 2903 reverendo
866 2882 961 2903 domino
985 2882 1056 2903 Priori
1073 2883 1128 2904 dicti

1184 2306 1319 2327 monasterii
1336 2307 1407 2327 libras
1423 2306 1502 2327 decem
1519 2307 1672 2333 imperialium
1697 2307 1725 2327 de
1750 2306 1939 2332 quibuscumque
1959 2305 2063 2332 pecuniis

1183 2350 1272 2376 prefate
1288 2350 1409 2375 magnifice
1425 2352 1576 2372 comunitatis
1592 2357 1633 2377 pro
1649 2351 1769 2372 elimosina
1786 2356 1828 2376 pro
1843 2351 1885 2371 hac
1901 2351 1950 2371 vice
1973 2352 2062 2371 tantum

1181 2396 1204 2416 et
1220 2395 1277 2416 citra
1292 2396 1393 2416 animum
1410 2396 1516 2416 sumendi
1532 2396 1634 2421 aliquam
1651 2395 1817 2421 obligationem
1829 2395 1849 2415 in
1861 2395 1963 2415 futurum
1974 2394 2063 2420 aliquid

1182 2439 1251 2460 dandi

1185 2484 1335 2510 sumptisque
1359 2484 1477 2509 suffragiis
1502 2484 1623 2505 obtentum
1649 2483 1691 2504 fuit
1716 2484 1826 2509 partitum
1850 2483 1912 2509 quod
1937 2483 1977 2503 fiat
1993 2485 2062 2509 prout

1277 2440 1346 2460 dictis
1371 2440 1492 2460 Fratribus
1516 2440 1551 2460 vel
1576 2440 1639 2460 dicto
1664 2439 1814 2460 monasterio.
1842 2439 1869 2459 Et
1891 2439 1953 2459 datis
1978 2439 2064 2459 balotis

1182 2534 1261 2553 snpra.

1238 2573 1292 2594 Cosi
1309 2579 1366 2599 pure
1380 2574 1401 2594 ai
1416 2574 1429 2595 9
1444 2574 1569 2594 novembre
1585 2573 1671 2594 factum
1687 2575 1722 2594 est
1739 2573 1850 2598 partitum
1862 2578 1890 2593 an
1902 2572 2011 2598 expediat
2026 2572 2062 2593 vel

1184 2624 1220 2641 ne,
1236 2618 1352 2643 videlicet,
1370 2618 1434 2643 quod
1450 2618 1536 2638 bulleta
1552 2617 1596 2638 diei
1613 2617 1686 2638 ultimi
1702 2617 1807 2638 octobris
1832 2617 1936 2642 proxime
1957 2616 2061 2642 preteriti

1184 2662 1303 2683 rctrodata
1327 2668 1367 2688 per
1392 2662 1534 2683 reverendos
1550 2662 1642 2683 Fratres
1666 2661 1741 2682 sancti
1758 2661 1830 2685 Pauli.
1847 2661 1901 2687 quia
1921 2661 2061 2682 solutionem

1178 2707 1290 2732 consequi
1307 2712 1352 2727 non
1368 2708 1504 2732 potuerunt,
1513 2706 1573 2727 facta
1583 2711 1625 2731 pro
1634 2706 1754 2726 elimosina
1763 2707 1786 2726 ct
1796 2711 1837 2731 pro
1849 2706 1891 2726 ltac
1901 2706 1951 2726 vice
1962 2707 2060 2729 tantum,

1186 2750 1313 2772 refficiatnr
1328 2753 1350 2771 et
1367 2751 1407 2771 fiat
1423 2751 1547 2771 dirrectiva
1571 2750 1694 2774 magnifico
1716 2749 1810 2770 domino
1837 2749 2010 2771 Refferendario
2033 2749 2062 2770 de

1185 2795 1373 2821 quibuscumque
1389 2795 1494 2820 pecuniis
1509 2783 1598 2820 prefate
1614 2794 1735 2820 magnifice
1750 2794 1901 2815 comunimus
1912 2796 1958 2815 tam
1974 2794 2063 2815 exactis

1186 2844 1256 2865 quain
1272 2839 1399 2865 exigendis.
1417 2839 1443 2860 Et
1459 2838 1521 2859 datis
1536 2838 1621 2859 balotis
1636 2839 1785 2864 sumptisque
1800 2826 1918 2865 suffragiis
1940 2839 2062 2860 obtentum

1183 2882 1226 2903 fuit
1243 2883 1353 2909 partitum
1370 2882 1433 2909 quod
1450 2882 1489 2903 fiat
1506 2884 1574 2908 prout
1591 2888 1670 2908 supra.
