2305 3407
292 206 352 237 100

287 339 327 369 de
355 338 470 379 Papia,
497 338 597 370 trater
624 337 788 369 pacificus
815 338 855 369 de
882 336 1059 373 Gartasco,
1085 336 1185 368 frater
1211 335 1376 367 Iohannes
1402 335 1570 367 Antonius
1588 336 1629 367 de
1647 335 1914 374 Sezadio‚trater
1932 336 2104 378 Eugenius

287 401 328 432 de
356 401 563 432 Mediolano.
590 400 688 432 trater
715 400 900 431 Nicholaus
927 400 967 430 de
994 399 1212 433 Alexandria,
1250 398 1350 430 frater
1387 397 1548 431 Clemens
1585 399 1625 430 de
1663 397 1778 439 Papia,
1816 398 1916 430 frater
1941 398 2106 431 Iohannes

288 462 425 495 Gabriel
452 463 492 494 de
519 462 640 497 Axula,
668 463 767 494 trater
794 462 930 493 Alesius
956 462 996 492 de
1023 459 1142 498 como,
1181 460 1279 492 frater
1318 460 1503 492 Emilianus
1529 461 1569 492 de
1595 460 1767 498 Vercellis,
1805 460 1904 492 trater
1939 459 2108 493 Constan-

288 526 378 557 tinus
404 525 444 556 de
472 524 596 562 Brixia,
623 525 722 556 trater
747 522 890 555 Sanctus
916 523 956 554 de
984 523 1181 571 Medioiano
1195 525 1225 554 et
1240 522 1339 554 frater
1365 521 1522 554 Aibertus
1536 523 1577 554 de
1593 521 1765 555 Robere....
1793 525 2106 563 representantes....

288 587 356 619 fere
381 590 485 619 totum
512 591 542 618 et
570 588 732 627 integrum
760 584 966 626 Capitulum.
992 585 1142 616 ricevono
1168 585 1211 616 cia
1239 583 1406 617 Giovanni
1429 584 1556 625 Angelo
1590 584 1672 625 Lupi
1695 585 1729 616 cii
1753 584 1958 623 Barlassim1‚
1984 585 2018 616 L.
2042 585 2110 618 270

287 650 457 690 impericzli.
481 658 603 690 prezzo
629 649 663 680 cti
687 657 751 679 una
778 656 858 679 casu
881 647 940 687 git}
967 649 1200 687 appartenente
1225 647 1260 678 al
1277 646 1318 687 sn
1346 645 1475 679 Grovan
1501 646 1611 678 Pie‘tro
1636 647 1671 678 dt·
1695 647 1888 679 Por-{albem
1905 645 1966 687 (l).

1045 849 1360 890 DCCLXIII.

380 970 512 1004 Legato
537 968 805 996 testamentario
832 968 887 996 del
913 969 994 996 nob.
1023 968 1193 1004 Gregorio
1218 967 1417 1003 Mangiaria
1443 976 1462 996 a
1489 968 1609 996 favore
1636 968 1670 996 di
1698 968 1733 996 S.
1762 968 1944 996 Mostiola.

893 1089 1044 1120 1517,
1073 1091 1422 1122 settexrlbre,
1451 1090 1504 1115 8.

857 1188 934 1211 (Arcti.
952 1188 1031 1208 Notas*
1048 1188 1069 1208 di
1088 1187 1157 1208 Pavia
1175 1199 1197 1201 —
1214 1188 1260 1208 Atti
1277 1187 1298 1208 di
1315 1187 1417 1213 ippolito
1433 1187 1551 1209 Tacconi).

365 1383 487 1499 N
543 1401 632 1426 ELLA
657 1404 737 1426 casa
763 1395 816 1426 u'el
840 1397 1003 1432 testatore,
1029 1396 1060 1426 in
1086 1394 1286 1426 Parrocctu‘a
1311 1395 1346 1426 (11
1370 1394 1402 1427 S.
1429 1394 1567 1435 FiIi'ppo.
1601 1395 1807 1426 Testamento
1833 1395 1886 1426 del
1908 1395 2016 1426 nobile
2036 1393 2116 1427 Gre-

562 1459 656 1497 gorio
683 1458 882 1497 Mangiszria.
910 1457 964 1489 a'el
979 1457 1021 1498 fu
1053 1458 1162 1489 clottor
1183 1459 1215 1489 in
1241 1460 1375 1498 utroque
1403 1457 1590 1495 Gmtamo,
1615 1458 1668 1489 nel
1691 1457 1788 1497 quale
1814 1458 1946 1488 ordinat
1971 1458 2116 1489 cadaver

565 1530 675 1558 suum,
702 1523 779 1561 post
805 1521 878 1551 eius
915 1520 1107 1558 decessum,
1145 1521 1268 1560 portari
1295 1523 1326 1552 et
1352 1520 1486 1561 sepeliri
1512 1520 1635 1552 debere
1661 1521 1692 1551 in
1719 1520 1862 1552 ecclesia
1900 1522 2015 1552 sancte
2042 1519 2118 1551 Mu-

293 1585 404 1616 stiolle
433 1584 547 1625 Papie,
575 1584 630 1615 ubi
660 1585 830 1614 morantur
868 1582 999 1614 Fratres
1036 1581 1175 1613 Ordinis
1213 1583 1318 1614 sancti
1359 1582 1549 1624 Augustini,
1575 1586 1605 1614 et
1632 1584 1662 1614 in
1690 1583 1846 1624 sepulcro
1887 1584 2037 1624 ipsorum
2075 1583 2116 1614 de

295 1647 506 1687 Mangiariis‚
533 1646 658 1687 quihus
684 1646 831 1676 dominis
858 1644 962 1676 Priori
990 1647 1021 1676 et
1048 1645 1218 1676 Fratribus
1245 1645 1322 1676 dicti
1373 1646 1566 1677 monasterii
1593 1646 1684 1677 dedit
1710 1648 1740 1677 et
1767 1645 1934 1686 legavit...
1962 1646 2110 1677 brentam

297 1718 395 1740 unam
422 1709 489 1740 vini
517 1712 546 1740 et
574 1717 634 1749 par
660 1717 761 1739 unum
789 1716 968 1748 caponum,
995 1708 1130 1748 singulo
1155 1717 1244 1739 anno
1250 1733 1300 1739 .....
1341 1717 1414 1739 cum
1457 1709 1519 1739 hoc
1559 1709 1651 1748 quod
1694 1707 1812 1748 prefati
1855 1708 1980 1739 domini
2023 1706 2117 1739 Prior

293 1776 324 1802 et
352 1771 526 1803 Fratres...
554 1773 730 1802 teneantur
755 1772 785 1802 et
812 1770 950 1810 obligati
978 1770 1043 1801 sint
1070 1770 1205 1810 singulo
1243 1779 1331 1801 anno
1370 1771 1539 1802 celebrare
1577 1770 1718 1802 offitium
1746 1780 1847 1801 unum
1874 1780 1891 1802 a
1919 1771 2059 1802 mortuis
2085 1771 2115 1801 in

295 1834 382 1865 dicta
409 1834 551 1865 eeclesia
579 1842 638 1873 pro
665 1833 775 1864 anima
803 1833 911 1873 ipsius
938 1832 1063 1863 domini
1091 1833 1304 1864 testatoris...
1334 1832 1410 1864 item
1438 1833 1531 1864 dedit
1557 1835 1587 1864 et
1613 1833 1780 1873 legavit...
1807 1832 1946 1873 pretatis
1972 1833 2119 1864 dominis

297 1896 399 1927 Priori
427 1899 456 1927 et
485 1895 656 1927 Fratribus
683 1895 821 1935 predicti
850 1895 1043 1926 monasterii
1082 1897 1196 1926 sancte
1224 1895 1397 1926 Mustioiie
1423 1897 1554 1926 scutum
1595 1905 1695 1926 unum
1734 1896 1803 1927 auri
1830 1904 1847 1926 a
1874 1896 1957 1932 sole,
1983 1895 2118 1936 singulo

297 1968 430 1990 annom.
458 1959 487 1989 in
515 1958 706 1989 ebdomada
733 1960 860 1995 sancta,
886 1966 960 1988 cum
989 1958 1050 1988 hoc
1078 1957 1169 1997 quod
1197 1956 1314 1997 prefati
1341 1958 1467 1988 domini
1496 1957 1589 1988 Prior
1615 1960 1645 1989 et
1673 1957 1846 1989 Fratres...
1889 1960 2063 1989 teneantur
2088 1959 2118 1989 et

296 2021 435 2061 obligati
463 2021 529 2052 sint
555 2029 663 2051 emere
690 2020 790 2051 cirios
828 2029 887 2051 seu
925 2020 1053 2060 torgias
1090 2019 1221 2050 dandas
1248 2022 1278 2051 et
1304 2020 1488 2051 tradendas
1514 2020 1544 2050 in
1573 2020 1729 2051 manibus
1767 2020 1832 2051 illis
1859 2021 2026 2060 personis,
2054 2028 2118 2060 que

298 2083 505 2115 interfuerint
531 2082 666 2122 singulo
692 2091 780 2113 anno
807 2083 837 2113 in
865 2082 918 2113 die
945 2081 1085 2113 Veneris
1111 2082 1216 2113 sancti
1245 2083 1274 2112 in
1302 2082 1390 2113 dicta
1409 2082 1551 2114 ecclesia
1577 2085 1608 2113 et
1635 2083 1665 2113 in
1685 2083 1798 2119 choro,
1818 2091 1878 2123 pro
1897 2082 2118 2113 illuminando

297 2149 327 2177 et
353 2146 559 2177 associando
586 2143 856 2176 Sacratissimum
884 2142 1020 2185 Corpus
1047 2143 1180 2175 Domini
1208 2145 1312 2175 nostri
1335 2144 1413 2185 jesu
1441 2143 1565 2176 Christi
1593 2145 1635 2176 ad
1661 2145 1764 2176 altare
1791 2145 1899 2176 maius
1934 2145 2042 2185 ipsius
2067 2153 2120 2176 ec-

297 2209 410 2245 clesie,
437 2210 468 2239 et
494 2208 592 2239 etiam
631 2216 692 2247 pro
730 2207 897 2238 solvendo
935 2209 1079 2247 quatuor
1115 2209 1270 2238 cantores
1308 2207 1363 2246 qui
1403 2207 1433 2237 in
1472 2207 1559 2238 dicta
1600 2207 1826 2238 associatione
1852 2207 1929 2238 dicti
1957 2205 2120 2247 Corporis

298 2268 423 2302 Christi
451 2270 635 2301 cantabunt
661 2270 851 2301 cantichum
880 2270 910 2300 in
937 2272 1037 2300 cantu
1064 2269 1217 2309 figurato.

357 2447 387 2469 11)
404 2445 436 2466 Da
454 2452 482 2466 un
499 2446 640 2466 documento
657 2445 692 2466 dei
708 2446 734 2466 26
748 2447 841 2471 agusto,
858 2447 940 2470 rugato
957 2445 985 2466 da
1002 2445 1059 2466 Gian
1071 2445 1184 2470 Agostino
1241 2445 1350 2466 Teodoro
1366 2445 1394 2466 dn
1412 2445 1481 2466 pavia

306 2490 423 2513 Mornsco.
450 2490 597 2515 riguardautc
621 2496 649 2510 un
673 2491 750 2515 iegato
772 2490 793 2510 di
815 2491 855 2510 lire
870 2490 902 2514 50,
920 2490 960 2510 che
977 2490 989 2510 11
1006 2489 1127 2510 Convenit)
1144 2490 1183 2509 do·
1292 2490 1317 2510 Αἰ
1333 2490 1345 2510 2
1360 2490 1477 2510 diccmhre
1493 2490 1514 2510 di
1532 2490 1687 2515 quest’annu,
1704 2495 1746 2510 con
1763 2490 1905 2510 testamento
1929 2491 2011 2514 rogato
2026 2488 2054 2509 da
2071 2488 2116 2509 Da-

306 2540 362 2554 veva
378 2540 390 2554 a
406 2535 461 2555 certi
479 2534 569 2555 Bciietti
595 2535 653 2555 suita
673 2535 803 2555 donaziunc
823 2535 881 2555 tatta
897 2535 926 2555 ad
942 2540 996 2556 esso
1012 2535 1040 2555 da
1056 2534 1114 2555 Gian
1131 2534 1181 2555 pier
1238 2535 1313 2555 miano
1331 2534 1442 2559 Lnndoiii,
1459 2534 1472 2554 ii
1489 2534 1541 2554 nob.
1559 2534 1662 2555 Gerardo
1679 2533 1802 2559 Bottigena
1818 2533 1854 2554 dei
1870 2533 1892 2554 111
1911 2533 2116 2554 Lorenzinoiascia

306 2579 378 2599 Maria
395 2578 416 2598 di
434 2578 576 2603 portantem,
593 2579 611 2599 si
628 2579 697 2599 rilcva
714 2580 754 2599 che
771 2579 806 2599 tici
823 2579 931 2605 Capitoio
946 2579 1015 2599 fanno
1032 2581 1097 2604 parte
1113 2580 1185 2599 anche
1240 2579 1260 2599 al
1277 2578 1399 2599 Conventa
1415 2578 1436 2599 di
1453 2578 1475 2599 S,
1494 2578 1564 2599 Panlo
1580 2579 1620 2598 lire
1636 2578 1747 2603 imperiali
1763 2578 1839 2603 25per
1850 2577 1870 2598 la
1882 2577 2040 2598 celebrazione
2049 2577 2071 2597 di
2083 2578 2116 2598 tre

307 2623 310 2643 i
327 2622 378 2643 irati
395 2623 517 2643 Valentino
533 2623 561 2643 da
579 2623 657 2647 i‘nvia,
674 2623 785 2644 Modesto
801 2623 829 2644 da
846 2623 937 2648 Casale,
953 2624 1004 2645 Sim
1020 2624 1048 2644 da
1065 2624 1156 2644 Novam
1173 2630 1184 2644 c
1240 2623 1309 2644 otiien
1326 2623 1354 2644 da
1372 2624 1454 2644 niorto.
