2305 3407
1918 144 1977 175 169

165 277 286 308 dictam
314 277 583 308 devastationem
610 280 641 308 et
668 277 865 308 inculturam
892 285 1079 313 cessavere,
1105 279 1280 307 cessarunt
1306 285 1442 316 quoque
1480 277 1532 316 pie
1559 277 1742 308 elemosine
1769 277 1978 314 secularium,

166 339 221 378 qui
249 339 401 370 similiter
427 340 563 379 propter
588 339 676 370 dicta
703 339 800 376 bella,
828 341 968 379 strages,
994 339 1257 378 depredationes
1282 340 1313 369 et
1338 338 1403 369 alia
1431 338 1609 369 infortunia
1637 340 1828 379 consumpti
1856 342 1885 370 et
1913 339 1978 370 fere

165 401 196 430 in
223 402 327 431 totum
354 401 512 432 destructi
540 404 792 431 remanserunt:
830 400 895 432 Per
917 402 1080 441 sopperire
1106 410 1125 431 ιι
1152 401 1211 431 lali
1235 400 1398 431 necessita
1420 409 1567 440 propone
1604 401 1636 430 la
1673 402 1821 432 cessione
1858 402 1891 432 ‹ii
1915 410 1980 432 tina

163 470 244 493 cosa
269 471 285 493 e
310 463 345 493 a'i
367 464 519 493 sessanta
552 462 698 502 perliclie
723 463 757 494 ai
781 465 872 498 terra,
910 463 1030 494 siluate
1055 463 1086 493 in
1115 461 1244 494 Camilia
1281 462 1316 493 ai
1351 461 1541 497 Lornellina,
1580 462 1667 492 dalle
1704 463 1797 501 quali
1831 464 1880 494 sin
1906 463 1978 493 dal-

164 524 183 555 l'
198 533 284 555 anno
314 525 397 555 1524
421 533 484 555 non
510 525 540 555 si
558 525 746 564 percepisce
771 525 867 555 aleon
893 524 1010 565 offitii),
1038 527 1157 556 mentre
1182 525 1212 555 si
1231 532 1368 564 pagano
1393 524 1422 555 le
1448 527 1535 555 tasse
1561 524 1664 555 orielie
1681 526 1840 565 superiori
1864 525 1898 555 al
1924 534 1978 555 m-

163 586 229 617 lore
253 586 307 617 ciel
329 585 432 624 fandi.
459 586 505 617 La
531 587 679 617 cessione
704 587 734 617 si
751 586 891 626 sarebbe
916 596 936 617 o
962 586 1164 617 Laficellotio
1201 586 1255 617 dei
1292 585 1518 626 Conflilonicri
1550 586 1584 617 <ii
1611 586 1748 621 Canilia,
1777 586 1799 617 ll
1823 587 1921 626 qaale
1947 588 1977 618 [11

164 656 339 688 compenso
366 648 541 679 cederebbe
566 648 600 679 al
624 651 781 679 convento
807 657 872 679 una
898 658 977 680 cosa
1004 649 1034 680 in
1060 648 1260 680 Parroccliia
1285 649 1319 679 cii
1343 648 1375 680 S.
1405 647 1542 687 Giorgio
1561 649 1592 679 in
1611 649 1791 680 Fornarolo
1810 649 1843 680 cii
1861 649 1976 684 l'avia,

163 710 207 742 da
231 711 284 742 cui
307 710 330 742 il
353 715 510 742 convento
536 710 675 742 avrebbe
700 719 742 741 an
768 710 875 751 affl'tto
897 713 1053 751 perpetuo
1079 711 1113 742 cii
1137 710 1305 742 irentiniue
1329 710 1387 741 lire
1412 711 1583 751 imperiali,
1609 720 1625 742 e
1651 712 1681 742 in
1696 711 1754 751 pisi
1768 711 1978 751 pagkerebbe

163 781 205 803 un
230 772 339 803 debito
364 772 399 803 a'i
422 772 478 803 lire
503 774 713 812 quarantotto
739 773 902 813 imperiali
926 773 983 804 elle
1008 773 1031 804 il
1055 775 1213 804 conuento
1239 773 1322 813 tiene
1347 773 1399 804 col
1422 772 1601 813 nzagmfico
1635 774 1750 812 signor
1783 773 1889 804 Leone
1914 773 1979 804 An-

162 835 314 874 tic-(uario,
332 834 468 875 fratello
493 834 547 866 ciel
571 834 682 866 Priore
710 834 997 867 Cornmenciatario
1023 836 1057 867 cli
1081 834 1113 867 S.
1140 835 1297 866 Marcello
1323 835 1357 866 di
1381 835 1497 866 Ριινιίι.
1525 836 1569 866 Lo
1596 837 1743 867 cessione
1762 835 1777 866 e
1795 838 1978 876 approvato

163 896 221 928 cial
246 895 408 937 Capitolo.
434 896 460 927 ll
483 897 626 928 secondo
663 899 796 928 trattato
833 898 862 928 si
879 888 920 937 fa
946 897 969 928 il
989 898 1107 937 giorno
1145 899 1212 928 otto
1238 906 1254 928 e
1280 897 1303 928 il
1327 899 1425 934 terzo,
1452 897 1537 928 colla
1565 897 1733 937 definitiva
1767 899 1925 933 cessione,
1951 899 1980 928 si

163 959 246 990 tiene
271 958 294 989 il
315 959 432 998 giorno
457 967 539 990 nove
556 956 617 997 (l).

893 1080 1247 1121 DCCCXLIX.

250 1188 277 1215 11
303 1188 465 1224 Capitolo
491 1188 525 1216 di
552 1189 583 1219 S.
611 1189 779 1216 Mostiola
806 1189 849 1217 da
876 1189 910 1217 in
937 1189 1146 1217 investitura
1172 1194 1264 1217 terre
1289 1188 1321 1216 in
1348 1189 1587 1217 Gambarana.

770 1310 907 1335 1634
918 1326 931 1341 9
962 1311 1220 1341 gennano
1232 1326 1245 1341 9
1276 1311 1366 1336 26.

669 1398 746 1423 (Archi
771 1399 851 1419 Notar.
869 1399 890 1419 di
907 1398 985 1419 Pavia.
1009 1410 1034 1412 ἡ
1050 1399 1098 1419 Λ111
1115 1399 1136 1419 (11
1153 1399 1210 1419 Gian
1228 1400 1354 1420 Francesco
1372 1399 1471 1423 Porzio).

159 1729 200 1761 de
227 1730 364 1764 Revello
391 1733 423 1763 et
448 1730 568 1762 Petrus
593 1731 634 1763 de
661 1728 813 1769 Limoxo,
835 1731 894 1772 ριίὶ
919 1732 953 1763 di
977 1731 1039 1762 dae
1076 1732 1156 1763 terzi
1187 1731 1240 1762 a'el
1278 1730 1442 1771 capitolo,
1468 1731 1498 1762 si
1521 1730 1662 1762 concede
1698 1731 1887 1762 investitura
1923 1739 1982 1762 no-

160 1792 297 1824 vennale
321 1802 342 1824 a
369 1792 444 1826 Gio.
470 1793 616 1826 Battista
641 1793 695 1825 dei
718 1794 806 1825 conti
829 1794 864 1825 cii
890 1793 1116 1831 Gambarana,
1142 1793 1177 1825 αἰ·
1200 1793 1285 1824 circa
1315 1793 1378 1824 180
1395 1792 1540 1833 perticlze
1565 1792 1600 1824 cii
1623 1794 1746 1823 terreno
1772 1801 1788 1823 e
1814 1792 1848 1824 di
1864 1792 1980 1824 alcone

158 1862 236 1885 case
259 1855 405 1886 rovinate
433 1864 450 1886 e
475 1855 615 1893 cadenti,
652 1856 773 1887 sitaate
808 1855 862 1887 nel
897 1856 1054 1888 territorio
1080 1855 1115 1887 di
1141 1854 1367 1887 Gambarana.
1404 1854 1562 1895 L'afsitto
1599 1863 1708 1886 annuo
1735 1854 1751 1885 ef
1775 1854 1922 1886 stabilito
1948 1855 1980 1886 in

159 1915 246 1947 soleii
268 1916 330 1947 tiae
355 1917 517 1957 imperiali
540 1916 609 1948 alla
630 1918 756 1957 pertica
777 1926 838 1958 per
860 1917 884 1949 il
903 1918 1009 1958 prIrno
1035 1925 1122 1948 anno
1137 1927 1147 1954 ‚·
1168 1925 1229 1957 per
1248 1916 1298 1957 gli
1321 1917 1397 1948 altri
1421 1919 1488 1948 otto
1513 1917 1593 1948 anni
1617 1917 1648 1948 in
1674 1917 1811 1956 ragione
1836 1916 1871 1947 ali
1894 1917 1982 1948 solili

159 1979 288 2017 qaattro
313 1978 382 2009 alla
402 1979 529 2018 pertica
546 1976 608 2018 (2).

404 1547 428 1573 Ν
454 1542 600 1583 quadam
638 1551 769 1574 camera
807 1542 954 1574 inferiori
982 1543 1176 1574 monasterii
1204 1545 1319 1574 sancte
1345 1543 1532 1575 Mustiolle.
1574 1543 1753 1577 Radunato
1779 1544 1802 1575 il
1828 1543 1981 1584 Capitolo

426 1605 467 1636 de
493 1605 652 1637 mandato
679 1605 805 1636 domini
833 1605 983 1646 magistri
1011 1604 1190 1646 Augustini
1218 1606 1259 1637 de
1286 1606 1487 1647 Maynardis
1507 1605 1665 1637 Prioris...
1693 1607 1723 1637 in
1750 1615 1818 1646 quo
1845 1607 1980 1646 quidem

426 1668 576 1708 capitulo
601 1667 767 1700 fuerunt...
793 1677 869 1700 cum
895 1677 967 1700 eo...
994 1668 1207 1700 venerabiles
1231 1667 1351 1699 fratres
1378 1667 1529 1699 Thomas
1555 1668 1596 1699 de
1623 1668 1766 1709 Vigono,
1793 1666 1981 1700 Seraffinus

217 2134 246 2157 tl)
262 2133 287 2154 Ai
302 2134 315 2154 9
330 2134 390 2155 dello
416 2136 494 2155 stesso
518 2135 625 2160 gennaio,
649 2140 692 2155 con
716 2136 766 2155 atto
791 2135 812 2155 di
828 2135 885 2156 Gian
911 2136 1038 2156 Francesco

165 2177 257 2203 Porzio,
272 2178 389 2199 adunatisi
406 2179 410 2199 i
428 2178 494 2199 Padri
511 2179 641 2204 capitolari,
657 2179 670 2199 il
688 2179 766 2200 Priore
782 2179 871 2200 ricorda
881 2180 944 2205 quod
956 2180 985 2200 ob
997 2186 1042 2200 mrt-

164 2222 237 2242 ximas
253 2224 275 2243 et
292 2224 401 2247 urgentes
417 2223 572 2244 necessitates
587 2225 609 2244 et
624 2223 733 2244 alimenta
750 2224 881 2244 necessaria
897 2223 1040 2249 prefatorum

165 2265 311 2286 dominorum
338 2266 424 2287 Prinris
439 2268 461 2287 et
483 2267 596 2292 Fratrum,
622 2268 750 2293 posuerunt
775 2268 883 2288 nonnulla
909 2269 1044 2293 paramenta

166 2309 248 2336 prefati
274 2312 408 2331 monasterii
424 2311 445 2331 in
462 2312 546 2337 pignus
570 2311 661 2332 cuidam
686 2312 756 2332 ebreo
780 2312 824 2332 sub
841 2313 918 2333 usuris
934 2314 955 2333 et
972 2318 1042 2338 super

165 2354 199 2374 eis
213 2357 354 2380 acceperunt
369 2357 456 2376 certam
473 2356 622 2381 pecuniarum
639 2356 794 2381 quantitatem
810 2358 832 2377 et
848 2357 897 2382 ipsa
908 2359 1042 2382 paramenta

165 2399 188 2418 et
204 2398 300 2423 pignora
316 2398 344 2419 de
361 2399 466 2425 proximo
488 2402 541 2419 sunt
564 2399 678 2420 amissura
701 2400 744 2420 nisi
770 2400 920 2421 redimantur.
938 2400 980 2421 Per
996 2400 1043 2421 tare

166 2444 251 2468 questo
267 2443 364 2464 riscatto
389 2449 494 2469 propone
510 2444 530 2464 13
554 2444 646 2465 vendita
672 2444 693 2465 di
718 2450 761 2465 una
786 2450 840 2465 casa
863 2445 899 2465 del
922 2445 1043 2466 Convento

166 2486 188 2507 in
204 2485 340 2508 Parroccliia
356 2488 378 2508 di
394 2487 416 2509 S.
433 2488 506 2509 Maria
532 2488 626 2509 Secreta
648 2489 669 2509 di
693 2489 771 2513 Pavia,
794 2495 806 2510 a
830 2489 893 2515 Luigi
910 2489 938 2510 de
954 2489 1040 2510 Palude

167 2531 208 2551 che
224 2531 280 2552 oiire
296 2531 336 2553 lire
351 2534 529 2554 centosessanta
546 2533 657 2559 imperiali
675 2539 715 2559 per
729 2534 880 2559 acquistarla.
902 2534 932 2555 La
948 2534 1041 2555 vendita

168 2574 180 2595 ie
194 2579 332 2600 approvata.
350 2576 364 2597 11
380 2577 483 2598 secondo
499 2579 597 2598 trattati)
613 2578 630 2598 si
647 2578 668 2598 ta
685 2578 704 2598 zi
723 2578 745 2598 12
759 2578 866 2603 germaio,
882 2578 895 2598 il
912 2580 975 2599 terzo
992 2584 1003 2599 e
1019 2579 1039 2599 la

169 2619 262 2640 vendita
277 2620 291 2640 il
306 2620 387 2645 giorno
405 2621 435 2642 13.

221 2663 247 2684 Αἰ
265 2664 288 2685 13
304 2665 403 2691 maggio,
425 2671 468 2686 con
489 2667 540 2686 atto
556 2666 577 2687 di
594 2665 651 2687 Gian
667 2667 762 2687 Alberto
778 2666 895 2691 Morasco,
912 2667 925 2687 il
941 2667 1043 2692 capitolo

169 2708 204 2728 nel
221 2709 289 2734 quale
304 2710 407 2730 trovansi
423 2710 533 2735 magister
560 2710 661 2736 Spiritus
677 2711 704 2731 de
720 2711 855 2732 Mediolano
871 2711 935 2732 Prior
951 2714 972 2731 et
988 2716 1039 2732 cum

168 2757 195 2772 eo
211 2753 321 2778 magister
336 2753 428 2775 Gabriel
443 2754 471 2775 de
488 2753 567 2780 Papia,
584 2755 695 2781 magister
709 2755 826 2776 Martinus
834 2755 862 2776 de
874 2755 985 2781 Trivillio,
998 2760 1043 2776 ma·

169 2796 242 2822 gister
258 2796 341 2818 Petrus
365 2798 393 2819 de
416 2797 517 2819 Canellis
539 2804 627 2820 necnon
649 2799 720 2820 irater
736 2800 878 2820 Fortunatus
900 2799 929 2820 de
953 2799 1043 2821 Cerano

169 2840 250 2867 lector,
265 2840 336 2862 trater
350 2841 468 2864 Seratinus
484 2843 512 2864 de
527 2845 609 2864 sancto
618 2843 792 2869 Angeto,trater
802 2844 907 2865 Valerius
921 2844 950 2865 de
962 2844 1043 2870 Brisia,

169 2884 240 2906 trater
255 2885 437 2911 Micuelangelus
452 2887 480 2908 de
495 2887 648 2914 Crcmagnota
663 2894 752 2914 cursor,
768 2888 839 2909 trater
854 2889 999 2914 Augustinus
1014 2889 1042 2910 de

169 2928 309 2955 Montealto,
333 2929 405 2952 trater
426 2931 505 2952 lullius
529 2932 557 2953 de
581 2931 669 2957 Genua,
686 2932 756 2953 trater
782 2932 877 2958 Egidius
899 2933 927 2954 de
952 2933 1041 2958 Genua,

170 2971 241 2994 trater
255 2973 415 2996 christoforus
430 2975 458 2996 de
474 2975 553 3002 Papia,
568 2975 640 2997 frater
652 2977 788 2998 Laurentius
804 2976 832 2997 de
848 2976 919 3002 Papia
935 2978 957 2998 et
972 2976 1042 2998 trater

171 3018 270 3039 lacobus
285 3019 313 3039 de
329 3021 410 3040 sancto
426 3019 534 3046 Nazario,
549 3026 654 3047 approva
671 3022 691 3042 13
707 3021 799 3042 vendita
816 3021 873 3042 13113
890 3021 918 3042 (13
934 3021 992 3042 irate
1008 3020 1047 3042 Se-

1094 2135 1166 2155 raiino
1182 2135 1210 2155 (13
1226 2135 1241 2156 S
1266 2135 1362 2160 Angelo,
1378 2140 1443 2155 come
1460 2136 1611 2161 procuratore
1628 2134 1803 2159 delConvento,
1819 2140 1832 2154 a
1848 2134 1906 2154 frate
1923 2134 1975 2154 Cilo-

1097 2180 1164 2200 vanni
1180 2179 1276 2200 Stefano
1292 2179 1320 2200 dn
1336 2179 1442 2204 Vercelli,
1459 2180 1611 2204 procuratore
1627 2179 1663 2199 del
1679 2181 1795 2199 convento
1811 2179 1938 2199 eremitano
1954 2179 1975 2198 di

1095 2223 1117 2244 S.
1134 2223 1214 2244 Marco
1230 2224 1251 2244 di
1268 2224 1373 2248 Vercelli,
1389 2223 1410 2243 di
1427 2223 1508 2243 rilcune
1519 2224 1578 2243 terre
1594 2223 1629 2243 del
1646 2224 1761 2243 convento
1777 2223 1798 2242 di
1815 2222 1837 2243 S.
1851 2222 1973 2248 Agostino,

1099 2269 1186 2290 situnne
1202 2268 1223 2288 in
1239 2268 1364 2289 Contienza
1380 2267 1402 2288 di
1420 2267 1553 2291 Lomellina,
1571 2272 1611 2292 per
1626 2268 1652 2287 21)
1667 2267 1731 2287 scudi
1749 2267 1770 2287 (1“
1781 2273 1822 2287 oro
1839 2267 1874 2287 del
1891 2267 1947 2287 sole

1151 2313 1176 2333 Al
1195 2314 1200 2333 l
1218 2313 1303 2338 giugno
1319 2312 1341 2332 lo
1356 2314 1434 2333 stesso
1450 2312 1552 2337 capitolo
1568 2311 1692 2332 adunat-isi
1710 2311 1737 2332 de
1754 2311 1864 2332 mandato
1884 2311 1970 2332 domini

1098 2357 1201 2383 magistri
1218 2356 1317 2377 Dentati
1334 2356 1361 2377 de
1378 2356 1486 2377 Fivizano
1513 2355 1606 2381 Prioris,
1629 2362 1671 2376 con
1696 2358 1747 2376 atto
1773 2358 1855 2381 rogato
1871 2356 1900 2376 da
1915 2356 1973 2377 Oiau

1099 2401 1194 2422 Alberto
1210 2401 1328 2425 Monimo,
1345 2401 1366 2420 in
1382 2402 1416 2421 tre
1432 2400 1522 2421 trattati
1538 2405 1642 2425 appruvn
1660 2400 1680 2420 13
1697 2400 1790 2420 vendita
1806 2400 1827 2420 (11
1845 2405 1888 2420 unxi
1905 2400 1971 2426 vigna

1098 2445 1120 2466 di
1138 2446 1161 2466 15
1176 2445 1278 2471 perticlie
1294 2445 1315 2465 in
1332 2444 1455 2469 Stradella,
1471 2450 1512 2470 per
1527 2444 1567 2464 lite
1582 2444 1593 2464 7
1609 2445 1653 2464 alla
1675 2445 1770 2470 pertica.

1151 2490 1180 2510 Lo
1196 2491 1274 2510 stesso
1289 2490 1400 2514 capitolo,
1415 2490 1436 2509 al
1453 2489 1520 2515 quale
1537 2489 1657 2514 prendono
1674 2491 1739 2514 parte
1755 2489 1827 2510 anche
1843 2488 1914 2510 trater
1931 2489 1974 2510 Αυ-

1097 2534 1204 2560 gustinus
1220 2534 1248 2555 de
1264 2534 1342 2559 lanua,
1358 2533 1429 2554 trater
1441 2533 1546 2554 Valerius
1561 2533 1589 2554 de
1606 2532 1827 2554 Fivixanoettrater
1840 2533 1976 2554 Franciscus

1095 2578 1122 2598 de
1140 2577 1265 2602 Placentia,
1280 2578 1300 2597 ai
1316 2578 1329 2598 3
1343 2577 1479 2602 settembre,
1503 2582 1546 2597 con
1569 2578 1619 2597 atto
1636 2577 1657 2597 (11
1674 2576 1731 2597 (itan
1755 2577 1897 2597 Bernardino
1913 2577 1972 2597 della

1098 2622 1163 2648 Ripa,
1178 2628 1283 2648 approva
1299 2622 1318 2642 13
1335 2622 1427 2642 vendita
1444 2622 1465 2642 di
1482 2627 1511 2642 un
1526 2623 1712 2647 appezzamento
1721 2622 1742 2642 di
1752 2624 1844 2642 terreno
1860 2621 1977 2647 (11113οε1-

1099 2667 1167 2691 ticlie,
1183 2667 1204 2687 in
1220 2666 1363 2691 Albuzzrmo,
1380 2666 1407 2687 da
1424 2666 1478 2687 tarsi
1495 2671 1535 2692 per
1550 2666 1589 2686 lire
1605 2667 1657 2686 otto
1673 2666 1785 2692 imperiali
1807 2666 1851 2686 alla
1875 2667 1971 2692 pertica,

1095 2717 1108 2732 3
1124 2711 1202 2732 Nicola
1219 2711 1322 2731 lnviziati
1338 2711 1359 2731 di
1377 2710 1534 2735 Μῦες-11111113,
1550 2710 1684 2736 professore
1700 2710 1721 2730 di
1737 2711 1888 2735 grammatica
1904 2717 1916 2731 e
1932 2713 1975 2731 ret-

1098 2756 1171 2776 torica
1187 2755 1208 2776 in
1225 2755 1303 2776 pavia,
1321 2755 1350 2775 La
1367 2755 1460 2775 vendita
1476 2755 1487 2775 e
1503 2755 1604 2780 imposta
1627 2754 1688 2775 dalle
1712 2754 1827 2776 necessita
1844 2754 1976 2775 tinanziarie

1098 2800 1134 2820 del
1150 2801 1274 2825 convento,
1291 2799 1304 2819 il
1321 2799 1389 2825 quale
1414 2804 1484 2820 senza
1500 2799 1522 2819 di
1538 2804 1590 2819 essa
1616 2804 1660 2819 11011
1685 2799 1800 2824 potrebbe
1816 2798 1849 2819 131·
1865 2799 1975 2820 coltivare

1098 2844 1128 2868 gii
1143 2843 1194 2864 altri
1211 2843 1262 2864 beni
1278 2843 1299 2863 di
1316 2843 1460 2868 Albuzzano,
1483 2843 1597 2864 mane-‘tuti
1614 2843 1635 2863 di
1652 2845 1729 2863 scorte
1745 2848 1756 2864 e
1773 2843 1940 2863 abbandonati.
1959 2843 1973 2863 ll

1097 2887 1199 2908 secondo
1215 2893 1226 2908 e
1242 2887 1256 2907 il
1272 2890 1336 2908 terzu
1353 2889 1451 2908 trattato
1467 2893 1478 2908 e
1495 2888 1514 2908 13
1530 2887 1624 2908 vendita
1636 2887 1739 2908 ettettivu
1756 2887 1774 2907 si
1791 2887 1882 2907 tannoil
1894 2887 1976 2912 giorno

1097 2933 1108 2952 4
1124 2932 1260 2953 settembre

1151 2977 1181 2999 ‹2›
1197 2976 1222 2997 Αἱ
1241 2976 1263 2997 15
1279 2976 1378 3001 maggi0,
1394 2981 1436 2996 con
1452 2978 1502 2997 atto
1518 2976 1539 2996 di
1555 2975 1613 2997 Gian
1629 2976 1757 2997 Franccsco
1773 2975 1976 2999 Porzi0,:idtinato

1297 3020 1320 3041 S,
1337 3020 1458 3045 Mostiula,
1483 3020 1510 3040 de
1533 3020 1643 3041 mandato
1665 3019 1751 3041 domini
1774 3019 1877 3045 magistri
1899 3019 1977 3040 fratris

1948 3072 1973 3092 22

1101 3021 1115 3041 il
1130 3021 1233 3046 capitolo
1249 3021 1269 3041 di
