<?xml version="1.0" encoding="UTF-8"?>
<!DOCTYPE html PUBLIC "-//W3C//DTD XHTML 1.0 Transitional//EN"
    "http://www.w3.org/TR/xhtml1/DTD/xhtml1-transitional.dtd">
<html xmlns="http://www.w3.org/1999/xhtml" xml:lang="en" lang="en">
 <head>
  <title>
</title>
<meta http-equiv="Content-Type" content="text/html;charset=utf-8" />
  <meta name='ocr-system' content='tesseract 3.04.00' />
  <meta name='ocr-capabilities' content='ocr_page ocr_carea ocr_par ocr_line ocrx_word'/>
</head>
<body>
  <div class='ocr_page' id='page_1' title='image "./codexdiplomaticu03maiouoft/codexdiplomaticu03maiouoft_0067.png"; bbox 0 0 2305 3407; ppageno 0'>
   <div class='ocr_carea' id='block_1_1' title="bbox 1913 150 1945 181">
    <p class='ocr_par' dir='ltr' id='par_1_1' title="bbox 1913 150 1945 181">
     <span class='ocr_line' id='line_1_1' title="bbox 1913 150 1945 181; baseline 0 0"><span class='ocrx_word' id='word_1_1' title='bbox 1913 150 1945 181; x_wconf 89' lang='lat' dir='ltr'><strong>ll</strong></span> 
     </span>
    </p>
   </div>
   <div class='ocr_carea' id='block_1_2' title="bbox 226 285 1442 949">
    <p class='ocr_par' dir='ltr' id='par_1_2' title="bbox 226 285 804 328">
     <span class='ocr_line' id='line_1_2' title="bbox 226 285 804 328; baseline -0.003 -9"><span class='ocrx_word' id='word_1_2' title='bbox 226 287 277 319; x_wconf 93' lang='lat' dir='ltr'><strong>Ad</strong></span> <span class='ocrx_word' id='word_1_3' title='bbox 303 289 448 328; x_wconf 89' lang='lat' dir='ltr'><strong>quatuor</strong></span> <span class='ocrx_word' id='word_1_4' title='bbox 473 287 620 318; x_wconf 90' lang='lat' dir='ltr'><strong>minores</strong></span> <span class='ocrx_word' id='word_1_5' title='bbox 646 285 804 318; x_wconf 83' lang='lat' dir='ltr'>Ordines.</span> 
     </span>
    </p>

    <p class='ocr_par' dir='ltr' id='par_1_3' title="bbox 227 345 1342 444">
     <span class='ocr_line' id='line_1_3' title="bbox 227 345 1342 387; baseline -0.004 -6"><span class='ocrx_word' id='word_1_6' title='bbox 227 349 339 381; x_wconf 83' lang='lat' dir='ltr'>Frater</span> <span class='ocrx_word' id='word_1_7' title='bbox 364 349 562 381; x_wconf 76' lang='lat' dir='ltr'><strong>Bonifacius</strong></span> <span class='ocrx_word' id='word_1_8' title='bbox 588 349 628 380; x_wconf 89' lang='lat' dir='ltr'><strong>de</strong></span> <span class='ocrx_word' id='word_1_9' title='bbox 656 347 825 386; x_wconf 78' lang='lat' dir='ltr'><strong>ponzano,</strong></span> <span class='ocrx_word' id='word_1_10' title='bbox 853 346 991 379; x_wconf 83' lang='lat' dir='ltr'>Ordinis</span> <span class='ocrx_word' id='word_1_11' title='bbox 1017 347 1122 378; x_wconf 90' lang='lat' dir='ltr'><strong>sancti</strong></span> <span class='ocrx_word' id='word_1_12' title='bbox 1150 345 1342 387; x_wconf 77' lang='lat' dir='ltr'><strong>Augustini.</strong></span> 
     </span>
     <span class='ocr_line' id='line_1_4' title="bbox 227 411 599 444; baseline -0.003 -1"><span class='ocrx_word' id='word_1_13' title='bbox 227 411 278 443; x_wconf 93' lang='lat' dir='ltr'><strong>Ad</strong></span> <span class='ocrx_word' id='word_1_14' title='bbox 305 411 599 444; x_wconf 89' lang='lat' dir='ltr'><strong>subdiaconatum.</strong></span> 
     </span>
    </p>

    <p class='ocr_par' dir='ltr' id='par_1_4' title="bbox 227 469 1442 567">
     <span class='ocr_line' id='line_1_5' title="bbox 227 469 1442 513; baseline -0.003 -8"><span class='ocrx_word' id='word_1_15' title='bbox 227 474 340 506; x_wconf 79' lang='lat' dir='ltr'><strong>Frater</strong></span> <span class='ocrx_word' id='word_1_16' title='bbox 364 473 529 505; x_wconf 84' lang='lat' dir='ltr'><strong>lohannes</strong></span> <span class='ocrx_word' id='word_1_17' title='bbox 556 472 708 513; x_wconf 81' lang='lat' dir='ltr'>Baptista</span> <span class='ocrx_word' id='word_1_18' title='bbox 735 473 775 503; x_wconf 91' lang='lat' dir='ltr'><strong>de</strong></span> <span class='ocrx_word' id='word_1_19' title='bbox 802 472 924 508; x_wconf 85' lang='lat' dir='ltr'><strong>Laude,</strong></span> <span class='ocrx_word' id='word_1_20' title='bbox 952 470 1091 503; x_wconf 82' lang='lat' dir='ltr'><strong>Ordinis</strong></span> <span class='ocrx_word' id='word_1_21' title='bbox 1117 471 1223 502; x_wconf 92' lang='lat' dir='ltr'><strong>sancti</strong></span> <span class='ocrx_word' id='word_1_22' title='bbox 1252 469 1442 511; x_wconf 80' lang='lat' dir='ltr'><strong>Augustini.</strong></span> 
     </span>
     <span class='ocr_line' id='line_1_6' title="bbox 227 535 532 567; baseline -0.003 0"><span class='ocrx_word' id='word_1_23' title='bbox 227 535 278 567; x_wconf 91' lang='lat' dir='ltr'><strong>Ad</strong></span> <span class='ocrx_word' id='word_1_24' title='bbox 305 536 532 567; x_wconf 89' lang='lat' dir='ltr'><strong>diaconatum.</strong></span> 
     </span>
    </p>

    <p class='ocr_par' dir='ltr' id='par_1_5' title="bbox 227 594 1403 697">
     <span class='ocr_line' id='line_1_7' title="bbox 227 594 1403 634; baseline -0.003 -5"><span class='ocrx_word' id='word_1_25' title='bbox 227 598 338 630; x_wconf 81' lang='lat' dir='ltr'>Frater</span> <span class='ocrx_word' id='word_1_26' title='bbox 364 597 529 629; x_wconf 83' lang='lat' dir='ltr'><strong>lohannes</strong></span> <span class='ocrx_word' id='word_1_27' title='bbox 555 596 723 628; x_wconf 90' lang='lat' dir='ltr'><strong>Antonius</strong></span> <span class='ocrx_word' id='word_1_28' title='bbox 749 597 789 628; x_wconf 89' lang='lat' dir='ltr'><strong>de</strong></span> <span class='ocrx_word' id='word_1_29' title='bbox 816 595 969 634; x_wconf 82' lang='lat' dir='ltr'><strong>Sezadio,</strong></span> <span class='ocrx_word' id='word_1_30' title='bbox 996 595 1135 628; x_wconf 83' lang='lat' dir='ltr'><strong>Ordinis</strong></span> <span class='ocrx_word' id='word_1_31' title='bbox 1161 595 1268 627; x_wconf 88' lang='lat' dir='ltr'><strong>sancti</strong></span> <span class='ocrx_word' id='word_1_32' title='bbox 1297 594 1403 626; x_wconf 83' lang='lat' dir='ltr'><strong>Pauli.</strong></span> 
     </span>
     <span class='ocr_line' id='line_1_8' title="bbox 228 656 1296 697; baseline -0.003 -6"><span class='ocrx_word' id='word_1_33' title='bbox 228 660 339 691; x_wconf 82' lang='lat' dir='ltr'>Frater</span> <span class='ocrx_word' id='word_1_34' title='bbox 365 659 506 691; x_wconf 86' lang='lat' dir='ltr'><strong>lacobus</strong></span> <span class='ocrx_word' id='word_1_35' title='bbox 531 659 641 690; x_wconf 87' lang='lat' dir='ltr'><strong>Maria</strong></span> <span class='ocrx_word' id='word_1_36' title='bbox 666 659 707 691; x_wconf 89' lang='lat' dir='ltr'><strong>de</strong></span> <span class='ocrx_word' id='word_1_37' title='bbox 733 658 864 697; x_wconf 85' lang='lat' dir='ltr'><strong>Crema,</strong></span> <span class='ocrx_word' id='word_1_38' title='bbox 891 658 1030 690; x_wconf 89' lang='lat' dir='ltr'><strong>Ordinis</strong></span> <span class='ocrx_word' id='word_1_39' title='bbox 1057 658 1162 689; x_wconf 88' lang='lat' dir='ltr'><strong>sancti</strong></span> <span class='ocrx_word' id='word_1_40' title='bbox 1190 656 1296 688; x_wconf 80' lang='lat' dir='ltr'><strong>Pauli.</strong></span> 
     </span>
    </p>

    <p class='ocr_par' dir='ltr' id='par_1_6' title="bbox 226 721 574 763">
     <span class='ocr_line' id='line_1_9' title="bbox 226 721 574 763; baseline -0.003 -10"><span class='ocrx_word' id='word_1_41' title='bbox 226 721 276 753; x_wconf 90' lang='lat' dir='ltr'><strong>Ad</strong></span> <span class='ocrx_word' id='word_1_42' title='bbox 304 722 574 763; x_wconf 88' lang='lat' dir='ltr'><strong>presbiteratum.</strong></span> 
     </span>
    </p>

    <p class='ocr_par' dir='ltr' id='par_1_7' title="bbox 228 782 1241 824">
     <span class='ocr_line' id='line_1_10' title="bbox 228 782 1241 824; baseline -0.003 -8"><span class='ocrx_word' id='word_1_43' title='bbox 228 784 338 816; x_wconf 86' lang='lat' dir='ltr'>Frater</span> <span class='ocrx_word' id='word_1_44' title='bbox 364 784 491 816; x_wconf 78' lang='lat' dir='ltr'><strong>Paulus</strong></span> <span class='ocrx_word' id='word_1_45' title='bbox 517 784 558 815; x_wconf 91' lang='lat' dir='ltr'><strong>de</strong></span> <span class='ocrx_word' id='word_1_46' title='bbox 584 782 720 824; x_wconf 81' lang='lat' dir='ltr'><strong>Spedia‚</strong></span> <span class='ocrx_word' id='word_1_47' title='bbox 747 783 887 815; x_wconf 89' lang='lat' dir='ltr'><strong>Ordinis</strong></span> <span class='ocrx_word' id='word_1_48' title='bbox 913 784 1021 815; x_wconf 89' lang='lat' dir='ltr'><strong>sancti</strong></span> <span class='ocrx_word' id='word_1_49' title='bbox 1049 782 1241 823; x_wconf 80' lang='lat' dir='ltr'><strong>Augustini.</strong></span> 
     </span>
    </p>

    <p class='ocr_par' dir='ltr' id='par_1_8' title="bbox 226 836 1362 949">
     <span class='ocr_line' id='line_1_11' title="bbox 228 836 1348 886; baseline -0.003 -8"><span class='ocrx_word' id='word_1_50' title='bbox 228 846 338 878; x_wconf 88' lang='lat' dir='ltr'>Frater</span> <span class='ocrx_word' id='word_1_51' title='bbox 364 845 535 878; x_wconf 87' lang='lat' dir='ltr'><strong>Ansanius</strong></span> <span class='ocrx_word' id='word_1_52' title='bbox 561 846 601 877; x_wconf 91' lang='lat' dir='ltr'><strong>de</strong></span> <span class='ocrx_word' id='word_1_53' title='bbox 629 844 831 886; x_wconf 88' lang='lat' dir='ltr'><strong>Codignola‚</strong></span> <span class='ocrx_word' id='word_1_54' title='bbox 857 844 997 877; x_wconf 88' lang='lat' dir='ltr'><strong>Ordinis</strong></span> <span class='ocrx_word' id='word_1_55' title='bbox 1022 845 1130 877; x_wconf 89' lang='lat' dir='ltr'><strong>sancti</strong></span> <span class='ocrx_word' id='word_1_56' title='bbox 1157 836 1348 885; x_wconf 84' lang='lat' dir='ltr'><strong>Augustini.</strong></span> 
     </span>
     <span class='ocr_line' id='line_1_12' title="bbox 226 906 1362 949; baseline -0.002 -9"><span class='ocrx_word' id='word_1_57' title='bbox 226 908 338 940; x_wconf 87' lang='lat' dir='ltr'>Frater</span> <span class='ocrx_word' id='word_1_58' title='bbox 364 907 576 949; x_wconf 86' lang='lat' dir='ltr'><strong>Augustinus</strong></span> <span class='ocrx_word' id='word_1_59' title='bbox 602 908 642 939; x_wconf 88' lang='lat' dir='ltr'><strong>de</strong></span> <span class='ocrx_word' id='word_1_60' title='bbox 669 906 845 946; x_wconf 73' lang='lat' dir='ltr'><strong>Garlasoe,</strong></span> <span class='ocrx_word' id='word_1_61' title='bbox 871 906 1011 939; x_wconf 87' lang='lat' dir='ltr'><strong>Ordinis</strong></span> <span class='ocrx_word' id='word_1_62' title='bbox 1037 908 1142 939; x_wconf 88' lang='lat' dir='ltr'><strong>sancti</strong></span> <span class='ocrx_word' id='word_1_63' title='bbox 1171 907 1362 948; x_wconf 83' lang='lat' dir='ltr'><strong>Augustini.</strong></span> 
     </span>
    </p>
   </div>
   <div class='ocr_carea' id='block_1_3' title="bbox 939 1081 1160 1122">
    <p class='ocr_par' dir='ltr' id='par_1_9' title="bbox 939 1081 1160 1122">
     <span class='ocr_line' id='line_1_13' title="bbox 939 1081 1160 1122; baseline 0 -2"><span class='ocrx_word' id='word_1_64' title='bbox 939 1081 1160 1122; x_wconf 91' lang='lat' dir='ltr'><strong>DCLXI.</strong></span> 
     </span>
    </p>
   </div>
   <div class='ocr_carea' id='block_1_4' title="bbox 145 1198 1957 1282">
    <p class='ocr_par' dir='ltr' id='par_1_10' title="bbox 145 1198 1957 1282">
     <span class='ocr_line' id='line_1_14' title="bbox 227 1198 1957 1236; baseline -0.001 -8"><span class='ocrx_word' id='word_1_65' title='bbox 227 1201 253 1228; x_wconf 76' lang='grc' dir='ltr'><strong>ΙΙ</strong></span> <span class='ocrx_word' id='word_1_66' title='bbox 279 1200 430 1236; x_wconf 74' lang='lat' dir='ltr'><strong>Capitolo</strong></span> <span class='ocrx_word' id='word_1_67' title='bbox 456 1200 488 1228; x_wconf 88' lang='lat' dir='ltr'><strong>di</strong></span> <span class='ocrx_word' id='word_1_68' title='bbox 513 1201 544 1228; x_wconf 92' lang='lat' dir='ltr'><strong>S.</strong></span> <span class='ocrx_word' id='word_1_69' title='bbox 573 1201 676 1228; x_wconf 84' lang='lat' dir='ltr'><strong>Paolo</strong></span> <span class='ocrx_word' id='word_1_70' title='bbox 702 1200 847 1228; x_wconf 83' lang='lat' dir='ltr'><strong>concede</strong></span> <span class='ocrx_word' id='word_1_71' title='bbox 873 1209 938 1227; x_wconf 78' lang='lat' dir='ltr'><strong>uria</strong></span> <span class='ocrx_word' id='word_1_72' title='bbox 962 1208 1104 1236; x_wconf 83' lang='lat' dir='ltr'><strong>proroga</strong></span> <span class='ocrx_word' id='word_1_73' title='bbox 1128 1208 1186 1235; x_wconf 88' lang='lat' dir='ltr'><strong>per</strong></span> <span class='ocrx_word' id='word_1_74' title='bbox 1212 1198 1485 1227; x_wconf 78' lang='lat' dir='ltr'><strong>l&#39;affrancazione</strong></span> <span class='ocrx_word' id='word_1_75' title='bbox 1511 1198 1543 1226; x_wconf 76' lang='lat' dir='ltr'><strong>di</strong></span> <span class='ocrx_word' id='word_1_76' title='bbox 1569 1207 1612 1226; x_wconf 84' lang='lat' dir='ltr'><strong>un</strong></span> <span class='ocrx_word' id='word_1_77' title='bbox 1638 1207 1739 1226; x_wconf 86' lang='lat' dir='ltr'><strong>censo</strong></span> <span class='ocrx_word' id='word_1_78' title='bbox 1765 1198 1890 1226; x_wconf 82' lang='lat' dir='ltr'><strong>dovuto</strong></span> <span class='ocrx_word' id='word_1_79' title='bbox 1916 1199 1957 1226; x_wconf 90' lang='lat' dir='ltr'><strong>da</strong></span> 
     </span>
     <span class='ocr_line' id='line_1_15' title="bbox 145 1254 501 1282; baseline 0 0"><span class='ocrx_word' id='word_1_80' title='bbox 145 1254 313 1282; x_wconf 86' lang='lat' dir='ltr'><strong>Damiano</strong></span> <span class='ocrx_word' id='word_1_81' title='bbox 339 1254 501 1282; x_wconf 78' lang='lat' dir='ltr'><strong>Landolfi.</strong></span> 
     </span>
    </p>
   </div>
   <div class='ocr_carea' id='block_1_5' title="bbox 728 1349 1369 1379">
    <p class='ocr_par' dir='ltr' id='par_1_11' title="bbox 728 1349 1369 1379">
     <span class='ocr_line' id='line_1_16' title="bbox 728 1349 1369 1379; baseline -0.002 -6"><span class='ocrx_word' id='word_1_82' title='bbox 728 1350 746 1373; x_wconf 89' lang='lat'><strong>1</strong></span> <span class='ocrx_word' id='word_1_83' title='bbox 754 1349 883 1379; x_wconf 74' lang='lat'>502,</span> <span class='ocrx_word' id='word_1_84' title='bbox 918 1355 1115 1373; x_wconf 63' lang='lat' dir='ltr'><strong>11()x⁷e11</strong></span> <span class='ocrx_word' id='word_1_85' title='bbox 1123 1350 1262 1379; x_wconf 61' lang='lat' dir='ltr'><strong>1111·e‚</strong></span> <span class='ocrx_word' id='word_1_86' title='bbox 1294 1349 1369 1372; x_wconf 73' lang='lat'><strong>16.</strong></span> 
     </span>
    </p>
   </div>
   <div class='ocr_carea' id='block_1_6' title="bbox 682 1445 1414 1467">
    <p class='ocr_par' dir='ltr' id='par_1_12' title="bbox 682 1445 1414 1467">
     <span class='ocr_line' id='line_1_17' title="bbox 682 1445 1414 1467; baseline -0.004 0"><span class='ocrx_word' id='word_1_87' title='bbox 682 1446 750 1467; x_wconf 74' lang='lat' dir='ltr'><strong>(Aren</strong></span> <span class='ocrx_word' id='word_1_88' title='bbox 783 1446 863 1466; x_wconf 71' lang='lat' dir='ltr'><strong>Nntar.</strong></span> <span class='ocrx_word' id='word_1_89' title='bbox 887 1446 907 1465; x_wconf 87' lang='lat' dir='ltr'><strong>di</strong></span> <span class='ocrx_word' id='word_1_90' title='bbox 926 1445 1002 1465; x_wconf 65' lang='lat' dir='ltr'><strong>Pavin,</strong></span> <span class='ocrx_word' id='word_1_91' title='bbox 1028 1457 1050 1459; x_wconf 79' lang='lat'><strong>—</strong></span> <span class='ocrx_word' id='word_1_92' title='bbox 1073 1445 1120 1466; x_wconf 86' lang='lat' dir='ltr'><strong>Atti</strong></span> <span class='ocrx_word' id='word_1_93' title='bbox 1144 1445 1164 1465; x_wconf 78' lang='lat' dir='ltr'><strong>di</strong></span> <span class='ocrx_word' id='word_1_94' title='bbox 1188 1445 1289 1465; x_wconf 67' lang='lat' dir='ltr'><strong>Adriano</strong></span> <span class='ocrx_word' id='word_1_95' title='bbox 1313 1445 1414 1467; x_wconf 73' lang='lat' dir='ltr'><strong>Oleario)</strong></span> 
     </span>
    </p>
   </div>
   <div class='ocr_carea' id='block_1_7' title="bbox 121 1630 1961 1746">
    <p class='ocr_par' dir='ltr' id='par_1_13' title="bbox 121 1630 1961 1746">
     <span class='ocr_line' id='line_1_18' title="bbox 121 1630 1092 1746; baseline -0.002 -72"><span class='ocrx_word' id='word_1_96' title='bbox 121 1681 123 1684; x_wconf 14' lang='grc' dir='ltr'><em>Α</em></span> <span class='ocrx_word' id='word_1_97' title='bbox 156 1663 157 1668; x_wconf 63' lang='lat'>,</span> <span class='ocrx_word' id='word_1_98' title='bbox 194 1630 343 1746; x_wconf 81' lang='lat' dir='ltr'>M</span> <span class='ocrx_word' id='word_1_99' title='bbox 386 1647 444 1681; x_wconf 69' lang='lat' dir='ltr'><strong>Dll,</strong></span> <span class='ocrx_word' id='word_1_100' title='bbox 470 1643 523 1673; x_wconf 92' lang='lat' dir='ltr'><strong>die</strong></span> <span class='ocrx_word' id='word_1_101' title='bbox 549 1647 609 1673; x_wconf 84' lang='grc' dir='ltr'><strong>Χνι</strong></span> <span class='ocrx_word' id='word_1_102' title='bbox 636 1642 842 1679; x_wconf 83' lang='lat' dir='ltr'><strong>novembris,</strong></span> <span class='ocrx_word' id='word_1_103' title='bbox 870 1642 900 1672; x_wconf 94' lang='lat' dir='ltr'><strong>in</strong></span> <span class='ocrx_word' id='word_1_104' title='bbox 928 1641 1092 1681; x_wconf 84' lang='lat' dir='ltr'><strong>vesperis.</strong></span> 
     </span>
     <span class='ocr_line' id='line_1_19' title="bbox 156 1698 1961 1743; baseline -0.003 -5"><span class='ocrx_word' id='word_1_105' title='bbox 156 1698 157 1724; x_wconf 64' lang='lat'>3</span> <span class='ocrx_word' id='word_1_106' title='bbox 496 1705 528 1737; x_wconf 92' lang='lat' dir='ltr'><strong>In</strong></span> <span class='ocrx_word' id='word_1_107' title='bbox 556 1706 708 1737; x_wconf 86' lang='lat' dir='ltr'><strong>sacristia</strong></span> <span class='ocrx_word' id='word_1_108' title='bbox 734 1705 927 1737; x_wconf 88' lang='lat' dir='ltr'><strong>monasterii</strong></span> <span class='ocrx_word' id='word_1_109' title='bbox 954 1706 985 1736; x_wconf 90' lang='lat' dir='ltr'><strong>et</strong></span> <span class='ocrx_word' id='word_1_110' title='bbox 1011 1704 1154 1736; x_wconf 86' lang='lat' dir='ltr'><strong>ecclesie</strong></span> <span class='ocrx_word' id='word_1_111' title='bbox 1181 1704 1286 1735; x_wconf 85' lang='lat' dir='ltr'><strong>sancti</strong></span> <span class='ocrx_word' id='word_1_112' title='bbox 1315 1702 1408 1735; x_wconf 78' lang='lat' dir='ltr'><strong>Pauli</strong></span> <span class='ocrx_word' id='word_1_113' title='bbox 1428 1705 1522 1734; x_wconf 89' lang='lat' dir='ltr'><strong>extra</strong></span> <span class='ocrx_word' id='word_1_114' title='bbox 1540 1705 1570 1734; x_wconf 92' lang='lat' dir='ltr'><strong>et</strong></span> <span class='ocrx_word' id='word_1_115' title='bbox 1590 1712 1692 1743; x_wconf 84' lang='lat' dir='ltr'>prope</span> <span class='ocrx_word' id='word_1_116' title='bbox 1713 1703 1821 1734; x_wconf 86' lang='lat' dir='ltr'><strong>menia</strong></span> <span class='ocrx_word' id='word_1_117' title='bbox 1848 1701 1961 1743; x_wconf 80' lang='lat' dir='ltr'><strong>Papie.</strong></span> 
     </span>
    </p>
   </div>
   <div class='ocr_carea' id='block_1_8' title="bbox 138 1766 1966 3051">
    <p class='ocr_par' dir='ltr' id='par_1_14' title="bbox 138 1766 1966 2306">
     <span class='ocr_line' id='line_1_20' title="bbox 211 1766 1961 1808; baseline -0.002 -8"><span class='ocrx_word' id='word_1_118' title='bbox 211 1804 252 1805; x_wconf 43' lang='lat' dir='ltr'><strong><em>W</em></strong></span> <span class='ocrx_word' id='word_1_119' title='bbox 313 1804 316 1805; x_wconf 15' lang='lat'><em>⁷</em></span> <span class='ocrx_word' id='word_1_120' title='bbox 407 1767 589 1801; x_wconf 78' lang='lat' dir='ltr'><strong>Confessio</strong></span> <span class='ocrx_word' id='word_1_121' title='bbox 614 1768 701 1799; x_wconf 80' lang='lat' dir='ltr'><strong>tacta</strong></span> <span class='ocrx_word' id='word_1_122' title='bbox 728 1777 787 1808; x_wconf 91' lang='lat' dir='ltr'><strong>per</strong></span> <span class='ocrx_word' id='word_1_123' title='bbox 813 1767 1046 1807; x_wconf 82' lang='lat' dir='ltr'><strong>infrascriptos</strong></span> <span class='ocrx_word' id='word_1_124' title='bbox 1066 1767 1238 1798; x_wconf 90' lang='lat' dir='ltr'><strong>dominum</strong></span> <span class='ocrx_word' id='word_1_125' title='bbox 1267 1766 1414 1797; x_wconf 83' lang='lat' dir='ltr'><strong>Priorem</strong></span> <span class='ocrx_word' id='word_1_126' title='bbox 1442 1768 1472 1797; x_wconf 92' lang='lat' dir='ltr'><strong>et</strong></span> <span class='ocrx_word' id='word_1_127' title='bbox 1500 1766 1630 1797; x_wconf 85' lang='lat' dir='ltr'><strong>Fratres</strong></span> <span class='ocrx_word' id='word_1_128' title='bbox 1655 1766 1734 1796; x_wconf 88' lang='lat' dir='ltr'><strong>dicti</strong></span> <span class='ocrx_word' id='word_1_129' title='bbox 1769 1766 1961 1797; x_wconf 81' lang='lat' dir='ltr'><strong>monasterii</strong></span> 
     </span>
     <span class='ocr_line' id='line_1_21' title="bbox 138 1828 1963 1871; baseline -0.002 -9"><span class='ocrx_word' id='word_1_130' title='bbox 138 1831 366 1871; x_wconf 85' lang='lat' dir='ltr'><strong>capitulariter</strong></span> <span class='ocrx_word' id='word_1_131' title='bbox 392 1833 612 1868; x_wconf 83' lang='lat' dir='ltr'><strong>convocatos,</strong></span> <span class='ocrx_word' id='word_1_132' title='bbox 639 1839 759 1861; x_wconf 87' lang='lat' dir='ltr'><strong>versus</strong></span> <span class='ocrx_word' id='word_1_133' title='bbox 786 1830 958 1861; x_wconf 88' lang='lat' dir='ltr'><strong>dominum</strong></span> <span class='ocrx_word' id='word_1_134' title='bbox 986 1828 1187 1860; x_wconf 87' lang='lat' dir='ltr'><strong>Damianum</strong></span> <span class='ocrx_word' id='word_1_135' title='bbox 1214 1829 1255 1860; x_wconf 89' lang='lat' dir='ltr'><strong>de</strong></span> <span class='ocrx_word' id='word_1_136' title='bbox 1283 1829 1537 1869; x_wconf 85' lang='lat' dir='ltr'><strong>Landulphis....</strong></span> <span class='ocrx_word' id='word_1_137' title='bbox 1554 1829 1594 1859; x_wconf 88' lang='lat' dir='ltr'><strong>de</strong></span> <span class='ocrx_word' id='word_1_138' title='bbox 1608 1828 1745 1859; x_wconf 85' lang='lat' dir='ltr'><strong>florenis</strong></span> <span class='ocrx_word' id='word_1_139' title='bbox 1771 1837 1877 1860; x_wconf 86' lang='lat' dir='ltr'><strong>sex....</strong></span> <span class='ocrx_word' id='word_1_140' title='bbox 1904 1837 1963 1868; x_wconf 94' lang='lat' dir='ltr'><strong>pro</strong></span> 
     </span>
     <span class='ocr_line' id='line_1_22' title="bbox 139 1891 1959 1931; baseline -0.002 -7"><span class='ocrx_word' id='word_1_141' title='bbox 139 1893 216 1924; x_wconf 75' lang='lat' dir='ltr'><strong>ficto</strong></span> <span class='ocrx_word' id='word_1_142' title='bbox 243 1894 342 1924; x_wconf 88' lang='lat' dir='ltr'><strong>unius</strong></span> <span class='ocrx_word' id='word_1_143' title='bbox 367 1894 444 1925; x_wconf 91' lang='lat' dir='ltr'><strong>anni</strong></span> <span class='ocrx_word' id='word_1_144' title='bbox 472 1893 553 1924; x_wconf 80' lang='lat' dir='ltr'><strong>finiti</strong></span> <span class='ocrx_word' id='word_1_145' title='bbox 581 1894 611 1923; x_wconf 94' lang='lat' dir='ltr'><strong>in</strong></span> <span class='ocrx_word' id='word_1_146' title='bbox 640 1893 727 1924; x_wconf 84' lang='lat' dir='ltr'><strong>festo</strong></span> <span class='ocrx_word' id='word_1_147' title='bbox 753 1893 860 1924; x_wconf 87' lang='lat' dir='ltr'><strong>sancti</strong></span> <span class='ocrx_word' id='word_1_148' title='bbox 889 1892 1024 1923; x_wconf 84' lang='lat' dir='ltr'><strong>Martini</strong></span> <span class='ocrx_word' id='word_1_149' title='bbox 1030 1917 1093 1923; x_wconf 88' lang='grc'><strong>......</strong></span> <span class='ocrx_word' id='word_1_150' title='bbox 1119 1894 1150 1923; x_wconf 92' lang='lat' dir='ltr'><strong>et</strong></span> <span class='ocrx_word' id='word_1_151' title='bbox 1177 1892 1316 1923; x_wconf 87' lang='lat' dir='ltr'><strong>ulterius</strong></span> <span class='ocrx_word' id='word_1_152' title='bbox 1347 1893 1528 1931; x_wconf 86' lang='lat' dir='ltr'><strong>prorogant</strong></span> <span class='ocrx_word' id='word_1_153' title='bbox 1566 1891 1741 1922; x_wconf 90' lang='lat' dir='ltr'><strong>terminum</strong></span> <span class='ocrx_word' id='word_1_154' title='bbox 1769 1892 1799 1921; x_wconf 89' lang='lat' dir='ltr'><strong>et</strong></span> <span class='ocrx_word' id='word_1_155' title='bbox 1825 1892 1959 1930; x_wconf 88' lang='lat' dir='ltr'><strong>tempus</strong></span> 
     </span>
     <span class='ocr_line' id='line_1_23' title="bbox 143 1952 1962 1996; baseline -0.002 -10"><span class='ocrx_word' id='word_1_156' title='bbox 143 1956 206 1996; x_wconf 90' lang='lat' dir='ltr'><strong>ipsi</strong></span> <span class='ocrx_word' id='word_1_157' title='bbox 233 1956 371 1986; x_wconf 82' lang='lat' dir='ltr'><strong>domino</strong></span> <span class='ocrx_word' id='word_1_158' title='bbox 399 1955 609 1987; x_wconf 62' lang='lat' dir='ltr'><strong>Uanniano...</strong></span> <span class='ocrx_word' id='word_1_159' title='bbox 637 1964 672 1986; x_wconf 89' lang='lat' dir='ltr'><strong>se</strong></span> <span class='ocrx_word' id='word_1_160' title='bbox 699 1955 862 1986; x_wconf 87' lang='lat' dir='ltr'><strong>liberandi</strong></span> <span class='ocrx_word' id='word_1_161' title='bbox 900 1964 918 1985; x_wconf 86' lang='lat' dir='ltr'><strong>a</strong></span> <span class='ocrx_word' id='word_1_162' title='bbox 957 1955 1169 1995; x_wconf 79' lang='lat' dir='ltr'><strong>prestacione</strong></span> <span class='ocrx_word' id='word_1_163' title='bbox 1197 1954 1276 1985; x_wconf 88' lang='lat' dir='ltr'><strong>dicti</strong></span> <span class='ocrx_word' id='word_1_164' title='bbox 1315 1954 1378 1984; x_wconf 80' lang='lat' dir='ltr'><strong>ficti</strong></span> <span class='ocrx_word' id='word_1_165' title='bbox 1407 1962 1424 1984; x_wconf 86' lang='lat' dir='ltr'><strong>a</strong></span> <span class='ocrx_word' id='word_1_166' title='bbox 1450 1953 1503 1983; x_wconf 78' lang='lat' dir='ltr'><strong>die</strong></span> <span class='ocrx_word' id='word_1_167' title='bbox 1535 1953 1609 1983; x_wconf 73' lang='lat' dir='ltr'><strong>linis</strong></span> <span class='ocrx_word' id='word_1_168' title='bbox 1641 1953 1759 1992; x_wconf 69' lang='lat' dir='ltr'><strong>ipsius,</strong></span> <span class='ocrx_word' id='word_1_169' title='bbox 1787 1961 1894 1992; x_wconf 77' lang='lat' dir='ltr'><strong>usquc</strong></span> <span class='ocrx_word' id='word_1_170' title='bbox 1920 1952 1962 1983; x_wconf 85' lang='lat' dir='ltr'><strong>ad</strong></span> 
     </span>
     <span class='ocr_line' id='line_1_24' title="bbox 145 2014 1966 2057; baseline -0.002 -9"><span class='ocrx_word' id='word_1_171' title='bbox 145 2025 252 2048; x_wconf 92' lang='lat' dir='ltr'><strong>annos</strong></span> <span class='ocrx_word' id='word_1_172' title='bbox 278 2017 364 2048; x_wconf 92' lang='lat' dir='ltr'><strong>duos</strong></span> <span class='ocrx_word' id='word_1_173' title='bbox 391 2018 543 2057; x_wconf 83' lang='lat' dir='ltr'><strong>proxime</strong></span> <span class='ocrx_word' id='word_1_174' title='bbox 570 2017 712 2055; x_wconf 81' lang='lat' dir='ltr'><strong>futuros,</strong></span> <span class='ocrx_word' id='word_1_175' title='bbox 740 2019 771 2048; x_wconf 93' lang='lat' dir='ltr'><strong>et</strong></span> <span class='ocrx_word' id='word_1_176' title='bbox 797 2017 859 2048; x_wconf 84' lang='lat' dir='ltr'><strong>hoc</strong></span> <span class='ocrx_word' id='word_1_177' title='bbox 885 2019 1011 2048; x_wconf 84' lang='lat' dir='ltr'><strong>attento</strong></span> <span class='ocrx_word' id='word_1_178' title='bbox 1037 2017 1116 2056; x_wconf 84' lang='lat' dir='ltr'><strong>quia</strong></span> <span class='ocrx_word' id='word_1_179' title='bbox 1143 2017 1206 2056; x_wconf 90' lang='lat' dir='ltr'><strong>ipsi</strong></span> <span class='ocrx_word' id='word_1_180' title='bbox 1238 2016 1397 2047; x_wconf 89' lang='lat' dir='ltr'><strong>dominus</strong></span> <span class='ocrx_word' id='word_1_181' title='bbox 1436 2014 1529 2046; x_wconf 80' lang='lat' dir='ltr'><strong>Prior</strong></span> <span class='ocrx_word' id='word_1_182' title='bbox 1555 2017 1585 2046; x_wconf 90' lang='lat' dir='ltr'><strong>et</strong></span> <span class='ocrx_word' id='word_1_183' title='bbox 1613 2014 1743 2046; x_wconf 83' lang='lat' dir='ltr'><strong>Fratres</strong></span> <span class='ocrx_word' id='word_1_184' title='bbox 1770 2015 1800 2045; x_wconf 94' lang='lat' dir='ltr'><strong>in</strong></span> <span class='ocrx_word' id='word_1_185' title='bbox 1828 2023 1966 2054; x_wconf 88' lang='lat' dir='ltr'><strong>presen—</strong></span> 
     </span>
     <span class='ocr_line' id='line_1_25' title="bbox 146 2077 1964 2119; baseline -0.002 -9"><span class='ocrx_word' id='word_1_186' title='bbox 146 2080 262 2110; x_wconf 86' lang='lat' dir='ltr'><strong>tiarum</strong></span> <span class='ocrx_word' id='word_1_187' title='bbox 291 2089 354 2110; x_wconf 84' lang='lat' dir='ltr'><strong>non</strong></span> <span class='ocrx_word' id='word_1_188' title='bbox 382 2083 575 2119; x_wconf 81' lang='lat' dir='ltr'><strong>repererunt</strong></span> <span class='ocrx_word' id='word_1_189' title='bbox 612 2079 736 2110; x_wconf 78' lang='lat' dir='ltr'><strong>fondos</strong></span> <span class='ocrx_word' id='word_1_190' title='bbox 775 2080 927 2115; x_wconf 76' lang='lat' dir='ltr'><strong>idoneos,</strong></span> <span class='ocrx_word' id='word_1_191' title='bbox 967 2079 997 2109; x_wconf 94' lang='lat' dir='ltr'><strong>in</strong></span> <span class='ocrx_word' id='word_1_192' title='bbox 1036 2079 1161 2118; x_wconf 79' lang='lat' dir='ltr'><strong>quibus</strong></span> <span class='ocrx_word' id='word_1_193' title='bbox 1200 2078 1332 2118; x_wconf 85' lang='lat' dir='ltr'><strong>possint</strong></span> <span class='ocrx_word' id='word_1_194' title='bbox 1360 2078 1532 2117; x_wconf 83' lang='lat' dir='ltr'><strong>implicare</strong></span> <span class='ocrx_word' id='word_1_195' title='bbox 1570 2077 1677 2107; x_wconf 87' lang='lat' dir='ltr'><strong>dictas</strong></span> <span class='ocrx_word' id='word_1_196' title='bbox 1711 2077 1885 2116; x_wconf 81' lang='lat' dir='ltr'><strong>pecunias,</strong></span> <span class='ocrx_word' id='word_1_197' title='bbox 1912 2085 1964 2107; x_wconf 89' lang='lat' dir='ltr'><strong>se-</strong></span> 
     </span>
     <span class='ocr_line' id='line_1_26' title="bbox 145 2137 1964 2182; baseline -0.002 -10"><span class='ocrx_word' id='word_1_198' title='bbox 145 2141 291 2172; x_wconf 86' lang='lat' dir='ltr'><strong>cundum</strong></span> <span class='ocrx_word' id='word_1_199' title='bbox 318 2141 457 2172; x_wconf 77' lang='lat' dir='ltr'><strong>formam</strong></span> <span class='ocrx_word' id='word_1_200' title='bbox 485 2142 582 2182; x_wconf 84' lang='lat' dir='ltr'><strong>legati</strong></span> <span class='ocrx_word' id='word_1_201' title='bbox 610 2142 659 2173; x_wconf 88' lang='lat' dir='ltr'><strong>eis</strong></span> <span class='ocrx_word' id='word_1_202' title='bbox 684 2141 761 2172; x_wconf 82' lang='lat' dir='ltr'><strong>facti</strong></span> <span class='ocrx_word' id='word_1_203' title='bbox 789 2142 829 2172; x_wconf 86' lang='lat' dir='ltr'><strong>de</strong></span> <span class='ocrx_word' id='word_1_204' title='bbox 856 2142 931 2181; x_wconf 79' lang='lat' dir='ltr'><strong>ipso</strong></span> <span class='ocrx_word' id='word_1_205' title='bbox 957 2141 1035 2172; x_wconf 87' lang='lat' dir='ltr'><strong>ficto</strong></span> <span class='ocrx_word' id='word_1_206' title='bbox 1063 2150 1119 2181; x_wconf 90' lang='lat' dir='ltr'><strong>per</strong></span> <span class='ocrx_word' id='word_1_207' title='bbox 1146 2141 1317 2181; x_wconf 87' lang='lat' dir='ltr'><strong>quondam</strong></span> <span class='ocrx_word' id='word_1_208' title='bbox 1355 2140 1528 2170; x_wconf 87' lang='lat' dir='ltr'><strong>dominum</strong></span> <span class='ocrx_word' id='word_1_209' title='bbox 1567 2139 1809 2170; x_wconf 83' lang='lat' dir='ltr'><strong>Bernardinum</strong></span> <span class='ocrx_word' id='word_1_210' title='bbox 1836 2139 1877 2169; x_wconf 88' lang='lat' dir='ltr'><strong>de</strong></span> <span class='ocrx_word' id='word_1_211' title='bbox 1904 2137 1964 2170; x_wconf 84' lang='lat' dir='ltr'><strong>Sa-</strong></span> 
     </span>
     <span class='ocr_line' id='line_1_27' title="bbox 144 2201 1963 2244; baseline -0.003 -9"><span class='ocrx_word' id='word_1_212' title='bbox 144 2204 262 2241; x_wconf 83' lang='lat' dir='ltr'><strong>enetis,</strong></span> <span class='ocrx_word' id='word_1_213' title='bbox 288 2206 318 2235; x_wconf 89' lang='lat' dir='ltr'><strong>et</strong></span> <span class='ocrx_word' id='word_1_214' title='bbox 344 2206 469 2235; x_wconf 85' lang='lat' dir='ltr'><strong>attento</strong></span> <span class='ocrx_word' id='word_1_215' title='bbox 496 2205 574 2244; x_wconf 83' lang='lat' dir='ltr'><strong>quia</strong></span> <span class='ocrx_word' id='word_1_216' title='bbox 601 2204 674 2244; x_wconf 90' lang='lat' dir='ltr'><strong>ipse</strong></span> <span class='ocrx_word' id='word_1_217' title='bbox 701 2204 860 2234; x_wconf 88' lang='lat' dir='ltr'><strong>dominus</strong></span> <span class='ocrx_word' id='word_1_218' title='bbox 887 2202 1120 2234; x_wconf 86' lang='lat' dir='ltr'><strong>Damianus....</strong></span> <span class='ocrx_word' id='word_1_219' title='bbox 1147 2202 1268 2233; x_wconf 89' lang='lat' dir='ltr'><strong>obtulit</strong></span> <span class='ocrx_word' id='word_1_220' title='bbox 1294 2211 1329 2233; x_wconf 87' lang='lat' dir='ltr'><strong>se</strong></span> <span class='ocrx_word' id='word_1_221' title='bbox 1357 2204 1509 2242; x_wconf 86' lang='lat' dir='ltr'><strong>paratum</strong></span> <span class='ocrx_word' id='word_1_222' title='bbox 1548 2210 1622 2232; x_wconf 88' lang='lat' dir='ltr'><strong>cum</strong></span> <span class='ocrx_word' id='word_1_223' title='bbox 1657 2201 1773 2232; x_wconf 73' lang='lat' dir='ltr'><strong>effectu</strong></span> <span class='ocrx_word' id='word_1_224' title='bbox 1802 2201 1963 2240; x_wconf 86' lang='lat' dir='ltr'><strong>pecunias</strong></span> 
     </span>
     <span class='ocr_line' id='line_1_28' title="bbox 145 2264 1498 2306; baseline -0.001 -10"><span class='ocrx_word' id='word_1_225' title='bbox 145 2266 329 2297; x_wconf 87' lang='lat' dir='ltr'><strong>exbursare</strong></span> <span class='ocrx_word' id='word_1_226' title='bbox 356 2275 415 2306; x_wconf 88' lang='lat' dir='ltr'><strong>pro</strong></span> <span class='ocrx_word' id='word_1_227' title='bbox 442 2267 516 2306; x_wconf 88' lang='lat' dir='ltr'><strong>ipsa</strong></span> <span class='ocrx_word' id='word_1_228' title='bbox 543 2266 745 2297; x_wconf 89' lang='lat' dir='ltr'><strong>liberacione</strong></span> <span class='ocrx_word' id='word_1_229' title='bbox 773 2265 940 2302; x_wconf 82' lang='lat' dir='ltr'><strong>habenda,</strong></span> <span class='ocrx_word' id='word_1_230' title='bbox 966 2265 1152 2296; x_wconf 85' lang='lat' dir='ltr'><strong>dummodo</strong></span> <span class='ocrx_word' id='word_1_231' title='bbox 1187 2264 1409 2304; x_wconf 85' lang='lat' dir='ltr'><strong>implicentur,</strong></span> <span class='ocrx_word' id='word_1_232' title='bbox 1435 2265 1498 2294; x_wconf 89' lang='lat' dir='ltr'><strong>etc.</strong></span> 
     </span>
    </p>

    <p class='ocr_par' dir='ltr' id='par_1_15' title="bbox 235 2326 1371 2365">
     <span class='ocr_line' id='line_1_29' title="bbox 235 2326 1371 2365; baseline -0.002 -7"><span class='ocrx_word' id='word_1_233' title='bbox 235 2327 386 2365; x_wconf 85' lang='lat' dir='ltr'><strong>Quorum</strong></span> <span class='ocrx_word' id='word_1_234' title='bbox 414 2328 624 2359; x_wconf 81' lang='lat' dir='ltr'><strong>dominorum</strong></span> <span class='ocrx_word' id='word_1_235' title='bbox 653 2327 802 2358; x_wconf 90' lang='lat' dir='ltr'><strong>Fratrum</strong></span> <span class='ocrx_word' id='word_1_236' title='bbox 830 2328 965 2358; x_wconf 83' lang='lat' dir='ltr'><strong>nomina</strong></span> <span class='ocrx_word' id='word_1_237' title='bbox 991 2329 1068 2358; x_wconf 92' lang='lat' dir='ltr'><strong>sunt</strong></span> <span class='ocrx_word' id='word_1_238' title='bbox 1095 2327 1166 2364; x_wconf 80' lang='lat' dir='ltr'><strong>hec,</strong></span> <span class='ocrx_word' id='word_1_239' title='bbox 1194 2326 1371 2357; x_wconf 85' lang='lat' dir='ltr'><strong>videlicet:</strong></span> 
     </span>
    </p>

    <p class='ocr_par' dir='ltr' id='par_1_16' title="bbox 236 2387 1691 2428">
     <span class='ocr_line' id='line_1_30' title="bbox 236 2387 1691 2428; baseline -0.003 -7"><span class='ocrx_word' id='word_1_240' title='bbox 236 2389 448 2421; x_wconf 84' lang='lat' dir='ltr'><strong>Venerabilis</strong></span> <span class='ocrx_word' id='word_1_241' title='bbox 474 2391 632 2421; x_wconf 92' lang='lat' dir='ltr'><strong>dominus</strong></span> <span class='ocrx_word' id='word_1_242' title='bbox 658 2390 757 2421; x_wconf 87' lang='lat' dir='ltr'><strong>frater</strong></span> <span class='ocrx_word' id='word_1_243' title='bbox 785 2389 950 2421; x_wconf 85' lang='lat' dir='ltr'><strong>lohannes</strong></span> <span class='ocrx_word' id='word_1_244' title='bbox 976 2389 1016 2420; x_wconf 90' lang='lat' dir='ltr'><strong>de</strong></span> <span class='ocrx_word' id='word_1_245' title='bbox 1044 2388 1186 2421; x_wconf 86' lang='lat' dir='ltr'><strong>Sezadio</strong></span> <span class='ocrx_word' id='word_1_246' title='bbox 1213 2387 1308 2419; x_wconf 79' lang='lat' dir='ltr'><strong>Prior</strong></span> <span class='ocrx_word' id='word_1_247' title='bbox 1334 2388 1476 2428; x_wconf 89' lang='lat' dir='ltr'><strong>predicti</strong></span> <span class='ocrx_word' id='word_1_248' title='bbox 1503 2389 1691 2418; x_wconf 81' lang='lat' dir='ltr'><strong>conventus</strong></span> 
     </span>
    </p>

    <p class='ocr_par' dir='ltr' id='par_1_17' title="bbox 237 2452 948 2490">
     <span class='ocr_line' id='line_1_31' title="bbox 237 2452 948 2490; baseline -0.001 -6"><span class='ocrx_word' id='word_1_249' title='bbox 237 2452 348 2484; x_wconf 83' lang='lat' dir='ltr'><strong>Frater</strong></span> <span class='ocrx_word' id='word_1_250' title='bbox 373 2452 576 2484; x_wconf 86' lang='lat' dir='ltr'><strong>Benedictus</strong></span> <span class='ocrx_word' id='word_1_251' title='bbox 602 2453 642 2484; x_wconf 90' lang='lat' dir='ltr'><strong>de</strong></span> <span class='ocrx_word' id='word_1_252' title='bbox 668 2452 774 2490; x_wconf 87' lang='lat' dir='ltr'><strong>Nicia,</strong></span> <span class='ocrx_word' id='word_1_253' title='bbox 802 2452 948 2483; x_wconf 87' lang='lat' dir='ltr'><strong>vicarius</strong></span> 
     </span>
    </p>

    <p class='ocr_par' dir='ltr' id='par_1_18' title="bbox 238 2511 1129 2671">
     <span class='ocr_line' id='line_1_32' title="bbox 238 2511 1129 2554; baseline -0.001 -9"><span class='ocrx_word' id='word_1_254' title='bbox 238 2514 349 2546; x_wconf 83' lang='lat' dir='ltr'><strong>Frater</strong></span> <span class='ocrx_word' id='word_1_255' title='bbox 374 2514 539 2546; x_wconf 84' lang='lat' dir='ltr'><strong>lohannes</strong></span> <span class='ocrx_word' id='word_1_256' title='bbox 566 2514 686 2546; x_wconf 81' lang='lat' dir='ltr'><strong>Petrus</strong></span> <span class='ocrx_word' id='word_1_257' title='bbox 711 2514 752 2545; x_wconf 88' lang='lat' dir='ltr'><strong>de</strong></span> <span class='ocrx_word' id='word_1_258' title='bbox 779 2513 885 2554; x_wconf 81' lang='lat' dir='ltr'><strong>Papia</strong></span> <span class='ocrx_word' id='word_1_259' title='bbox 910 2511 1129 2553; x_wconf 76' lang='lat' dir='ltr'><strong>(cancellato)</strong></span> 
     </span>
     <span class='ocr_line' id='line_1_33' title="bbox 238 2573 1010 2617; baseline -0.003 -9"><span class='ocrx_word' id='word_1_260' title='bbox 238 2576 350 2608; x_wconf 90' lang='lat' dir='ltr'><strong>Frater</strong></span> <span class='ocrx_word' id='word_1_261' title='bbox 376 2576 567 2608; x_wconf 84' lang='lat' dir='ltr'><strong>Bernardus</strong></span> <span class='ocrx_word' id='word_1_262' title='bbox 593 2577 634 2608; x_wconf 91' lang='lat' dir='ltr'><strong>de</strong></span> <span class='ocrx_word' id='word_1_263' title='bbox 662 2575 766 2617; x_wconf 84' lang='lat' dir='ltr'><strong>Papia</strong></span> <span class='ocrx_word' id='word_1_264' title='bbox 792 2573 1010 2615; x_wconf 77' lang='lat' dir='ltr'><strong>(cancellato)</strong></span> 
     </span>
     <span class='ocr_line' id='line_1_34' title="bbox 238 2637 807 2671; baseline -0.002 -1"><span class='ocrx_word' id='word_1_265' title='bbox 238 2639 350 2671; x_wconf 89' lang='lat' dir='ltr'><strong>Frater</strong></span> <span class='ocrx_word' id='word_1_266' title='bbox 376 2639 541 2671; x_wconf 84' lang='lat' dir='ltr'><strong>lohannes</strong></span> <span class='ocrx_word' id='word_1_267' title='bbox 566 2639 608 2670; x_wconf 91' lang='lat' dir='ltr'><strong>de</strong></span> <span class='ocrx_word' id='word_1_268' title='bbox 633 2637 807 2671; x_wconf 85' lang='lat' dir='ltr'><strong>Saviliano</strong></span> 
     </span>
    </p>

    <p class='ocr_par' dir='ltr' id='par_1_19' title="bbox 239 2701 730 2733">
     <span class='ocr_line' id='line_1_35' title="bbox 239 2701 730 2733; baseline -0.002 0"><span class='ocrx_word' id='word_1_269' title='bbox 239 2701 352 2733; x_wconf 89' lang='lat' dir='ltr'><strong>Frater</strong></span> <span class='ocrx_word' id='word_1_270' title='bbox 377 2701 518 2733; x_wconf 86' lang='lat' dir='ltr'><strong>Blaxius</strong></span> <span class='ocrx_word' id='word_1_271' title='bbox 544 2701 585 2733; x_wconf 90' lang='lat' dir='ltr'><strong>de</strong></span> <span class='ocrx_word' id='word_1_272' title='bbox 612 2701 730 2733; x_wconf 91' lang='lat' dir='ltr'><strong>Valide</strong></span> 
     </span>
    </p>

    <p class='ocr_par' dir='ltr' id='par_1_20' title="bbox 239 2761 727 2796">
     <span class='ocr_line' id='line_1_36' title="bbox 239 2761 727 2796; baseline -0.002 -1"><span class='ocrx_word' id='word_1_273' title='bbox 239 2763 350 2796; x_wconf 92' lang='lat' dir='ltr'><strong>Frater</strong></span> <span class='ocrx_word' id='word_1_274' title='bbox 375 2763 517 2795; x_wconf 88' lang='lat' dir='ltr'><strong>Alexius</strong></span> <span class='ocrx_word' id='word_1_275' title='bbox 542 2764 583 2795; x_wconf 92' lang='lat' dir='ltr'><strong>de</strong></span> <span class='ocrx_word' id='word_1_276' title='bbox 609 2761 727 2795; x_wconf 89' lang='lat' dir='ltr'><strong>Cumis</strong></span> 
     </span>
    </p>

    <p class='ocr_par' dir='ltr' id='par_1_21' title="bbox 239 2824 808 2858">
     <span class='ocr_line' id='line_1_37' title="bbox 239 2824 808 2858; baseline -0.004 0"><span class='ocrx_word' id='word_1_277' title='bbox 239 2826 351 2858; x_wconf 90' lang='lat' dir='ltr'><strong>Frater</strong></span> <span class='ocrx_word' id='word_1_278' title='bbox 375 2825 575 2858; x_wconf 87' lang='lat' dir='ltr'><strong>Desiderius</strong></span> <span class='ocrx_word' id='word_1_279' title='bbox 602 2825 643 2857; x_wconf 93' lang='lat' dir='ltr'><strong>de</strong></span> <span class='ocrx_word' id='word_1_280' title='bbox 669 2824 808 2858; x_wconf 84' lang='lat' dir='ltr'><strong>Covis‘?</strong></span> 
     </span>
    </p>

    <p class='ocr_par' dir='ltr' id='par_1_22' title="bbox 238 2886 683 2920">
     <span class='ocr_line' id='line_1_38' title="bbox 238 2886 683 2920; baseline 0 -1"><span class='ocrx_word' id='word_1_281' title='bbox 238 2887 350 2920; x_wconf 88' lang='lat' dir='ltr'><strong>Frater</strong></span> <span class='ocrx_word' id='word_1_282' title='bbox 375 2888 472 2920; x_wconf 89' lang='lat' dir='ltr'><strong>Vitus</strong></span> <span class='ocrx_word' id='word_1_283' title='bbox 498 2888 538 2919; x_wconf 89' lang='lat' dir='ltr'><strong>de</strong></span> <span class='ocrx_word' id='word_1_284' title='bbox 564 2886 683 2920; x_wconf 89' lang='lat' dir='ltr'><strong>Cumis</strong></span> 
     </span>
    </p>

    <p class='ocr_par' dir='ltr' id='par_1_23' title="bbox 238 2947 1110 3051">
     <span class='ocr_line' id='line_1_39' title="bbox 240 2947 1022 2989; baseline -0.001 -7"><span class='ocrx_word' id='word_1_285' title='bbox 240 2950 351 2982; x_wconf 89' lang='lat' dir='ltr'><strong>Frater</strong></span> <span class='ocrx_word' id='word_1_286' title='bbox 376 2949 543 2982; x_wconf 87' lang='lat' dir='ltr'><strong>Antonius</strong></span> <span class='ocrx_word' id='word_1_287' title='bbox 568 2950 610 2982; x_wconf 92' lang='lat' dir='ltr'><strong>de</strong></span> <span class='ocrx_word' id='word_1_288' title='bbox 635 2948 778 2982; x_wconf 88' lang='lat' dir='ltr'><strong>Sezadio</strong></span> <span class='ocrx_word' id='word_1_289' title='bbox 804 2947 1022 2989; x_wconf 80' lang='lat' dir='ltr'><strong>(cancellato)</strong></span> 
     </span>
     <span class='ocr_line' id='line_1_40' title="bbox 238 3008 1110 3051; baseline -0.002 -7"><span class='ocrx_word' id='word_1_290' title='bbox 238 3012 350 3044; x_wconf 89' lang='lat' dir='ltr'><strong>Frater</strong></span> <span class='ocrx_word' id='word_1_291' title='bbox 377 3012 519 3044; x_wconf 89' lang='lat' dir='ltr'><strong>lacobus</strong></span> <span class='ocrx_word' id='word_1_292' title='bbox 545 3012 654 3044; x_wconf 88' lang='lat' dir='ltr'><strong>Maria</strong></span> <span class='ocrx_word' id='word_1_293' title='bbox 679 3012 720 3044; x_wconf 91' lang='lat' dir='ltr'><strong>de</strong></span> <span class='ocrx_word' id='word_1_294' title='bbox 745 3010 867 3045; x_wconf 89' lang='lat' dir='ltr'><strong>Crema</strong></span> <span class='ocrx_word' id='word_1_295' title='bbox 891 3008 1110 3051; x_wconf 81' lang='lat' dir='ltr'><strong>(cancellato)</strong></span> 
     </span>
    </p>
   </div>
  </div>
 </body>
</html>
