2305 3407
303 157 362 188 156

1026 336 1111 377 Dc
1119 335 1391 376 CCXXXI.

388 449 415 476 11
442 448 604 484 Capitolo
631 448 664 476 di
692 447 726 476 S.
754 446 928 483 Agostino
953 446 1064 474 vende
1089 454 1134 473 un
1160 453 1267 473 censo
1291 453 1352 481 per
1377 444 1596 480 provvedere
1622 444 1654 472 ai
1680 444 1819 480 bisogni
1846 443 1901 471 del
1928 448 2110 472 convento.

973 568 1112 592 1529
1123 582 1137 598 9
1157 567 1341 598 aprile
1354 584 1362 597 ‚
1395 566 1446 591 3.

798 666 865 687 Aren.
883 666 962 687 Notat,
979 665 1000 686 di
1019 665 1089 686 Pavin
1104 676 1129 679 —
1145 665 1192 685 Atti
1209 664 1230 684 di
1247 664 1305 685 Gian
1322 663 1463 685 Bernardino
1479 663 1538 684 della
1555 663 1611 689 Ripa
1628 681 1632 685 .

384 853 483 968 R
548 869 732 897 ADUNATO
757 864 780 896 il
806 863 958 904 CapItolo
984 863 1019 895 di
1042 862 1075 896 S.
1101 862 1263 903 Agostino
1289 861 1320 893 α’
1335 862 1446 894 ordine
1471 861 1525 894 del
1547 861 1660 894 Pri'ore
1685 863 1830 894 Maestro
1849 861 1938 902 frate
1965 860 2119 894 Gabriele

540 967 541 970 Ἴ
570 928 613 959 da
639 926 754 962 Ρανία,
781 925 835 957 nel
858 925 956 965 quale
981 933 1080 956 erano
1121 924 1256 955 [nsieme
1292 932 1352 955 con
1377 924 1424 956 lui
1447 925 1604 956 dominus
1646 926 1806 965 magister
1843 923 1963 956 Petrus
1989 925 2029 956 de
2055 923 2121 957 Ca—

572 990 670 1022 nellis
695 988 814 1022 Rector
841 987 1018 1019 Provincie
1045 987 1280 1018 Lombardie...
1307 987 1464 1019 dominus
1491 988 1650 1028 magister
1676 987 1808 1018 Luchas
1834 987 1874 1018 de
1901 986 2121 1028 Romagnano

303 1056 334 1084 et
360 1053 573 1085 venerabiles
609 1052 709 1083 frater
747 1050 950 1082 Fortunatus
987 1049 1028 1080 de
1069 1047 1201 1081 Cerano
1243 1049 1355 1087 lector,
1395 1049 1495 1081 frater
1531 1049 1826 1090 Michaelangelus
1863 1047 1997 1087 Oualla,
2021 1049 2121 1080 frater

304 1116 465 1147 Marchus
492 1116 532 1147 de
560 1114 731 1146 Placentia
757 1115 788 1145 et
815 1113 915 1144 frater
951 1112 1139 1143 Nicnolaus
1177 1112 1218 1143 de
1256 1111 1450 1143 Vercellis...
1486 1111 1649 1143 facientes
1674 1112 1740 1143 fere
1766 1114 1870 1142 totum
1898 1114 1929 1142 et
1955 1112 2119 1152 integrum

305 1177 534 1219 Capitulum...
561 1180 686 1209 attenta
713 1176 858 1207 maxime
899 1175 1054 1206 absentia
1094 1174 1236 1205 aliorum
1278 1173 1413 1205 fratrum
1441 1174 1518 1206 dicti
1545 1172 1743 1207 Conventus
1769 1174 1812 1205 ab
1839 1174 1900 1205 liac
1926 1174 2062 1206 civitate
2087 1176 2119 1205 et

304 1241 464 1272 comitatu
491 1239 596 1281 Papie
622 1241 760 1280 propter
786 1237 873 1269 bella
899 1245 1040 1269 occursa
1066 1239 1098 1268 et
1123 1237 1271 1278 vigentia
1296 1237 1407 1268 adhuc
1433 1237 1463 1268 in
1491 1237 1554 1268 ltoc
1580 1237 1718 1268 domino
1743 1236 1941 1274 Mediolani,
1966 1245 2005 1268 ac
2023 1236 2123 1268 etiam

306 1305 442 1343 propter
467 1302 711 1334 extremitatem
737 1303 924 1341 temporum
952 1299 1157 1340 presentium
1183 1301 1215 1330 et
1240 1299 1422 1330 maximam
1448 1300 1622 1340 penuriam
1638 1299 1844 1337 victualium,
1870 1307 1935 1339 que
1961 1299 2068 1339 viguit
2092 1300 2124 1330 et

306 1366 397 1405 viget
423 1365 454 1396 in
481 1365 542 1396 hac
568 1364 703 1396 civitate
729 1364 872 1403 eiusque
897 1362 1092 1393 comitatu...
1119 1361 1271 1402 prefatus
1297 1362 1456 1393 dominus
1482 1360 1578 1393 Prior
1601 1362 1763 1402 exposuit
1788 1363 1819 1392 et
1844 1361 2018 1401 exponit...
2044 1369 2127 1401 qua-

307 1428 379 1459 liter
405 1428 469 1468 ipsi
496 1435 614 1458 omnes
640 1427 784 1458 sciunt...
822 1425 914 1465 quod
953 1424 1089 1455 modum
1131 1424 1277 1464 aliquem
1316 1433 1380 1455 non
1420 1424 1542 1456 habent
1569 1424 1704 1455 vivendi
1731 1426 1763 1455 et
1788 1432 1824 1455 se
1849 1423 2066 1455 alimentandi
2093 1423 2125 1454 in

308 1490 398 1521 dicto
424 1480 539 1521 eorum
566 1489 772 1520 monasterio
798 1496 858 1519 nec
885 1487 1009 1518 ibidem
1036 1486 1253 1518 residentiam
1279 1486 1438 1524 faciendi,
1464 1486 1508 1517 ob
1533 1487 1713 1518 carentiam
1745 1485 1940 1517 victualium
1967 1488 1999 1517 et
2024 1494 2126 1526 pecu-

307 1553 435 1583 niarum
463 1554 494 1583 et
520 1554 656 1592 propter
682 1551 891 1582 calamitates
917 1552 948 1581 et
974 1557 1076 1581 casus
1102 1549 1263 1580 militares
1288 1557 1452 1580 occursos
1478 1548 1609 1589 prefato
1634 1549 1814 1580 conventui
1840 1550 1872 1579 et
1898 1548 1929 1579 in
1957 1548 2019 1579 liae
2045 1548 2129 1579 civi-

308 1618 374 1646 tate
400 1614 516 1655 Papie‚
543 1623 608 1654 que
634 1623 652 1645 a
678 1613 793 1645 decem
820 1615 851 1643 et
877 1614 952 1643 octo
978 1611 1154 1643 mensibus
1180 1611 1232 1643 vel
1259 1612 1370 1643 circha
1396 1611 1488 1649 citra,
1522 1611 1583 1642 fuit
1608 1611 1692 1642 trina
1719 1611 1792 1642 vice
1819 1610 1997 1642 crudeliter
2022 1610 2128 1650 depo-

309 1677 424 1717 pulata
451 1679 482 1708 et
508 1678 758 1713 saccomanata,
786 1675 816 1706 in
844 1674 969 1715 quibus
994 1673 1322 1714 depopulationibus
1349 1682 1465 1714 parum
1492 1673 1544 1704 vel
1571 1673 1672 1704 nichil
1706 1672 1874 1713 superfuit
1900 1673 1930 1703 in
1957 1673 2033 1713 ipso
2058 1681 2129 1703 mo-

310 1740 466 1776 misterio,
493 1748 530 1770 ac
557 1741 694 1779 propter
721 1738 807 1769 bella
834 1746 974 1769 occursa
1000 1738 1031 1768 et
1056 1736 1167 1768 adhuc
1204 1736 1353 1777 vigentia
1390 1736 1454 1776 ipsi
1493 1736 1620 1767 domini
1647 1734 1742 1766 Prior
1767 1738 1798 1766 et
1823 1734 1941 1766 fratres
1979 1743 2044 1765 non
2071 1743 2131 1775 po-

310 1804 443 1833 tuerunt
469 1810 528 1832 nec
555 1803 700 1841 possunt
725 1800 853 1841 aliquid
881 1799 1005 1831 babere
1042 1801 1073 1830 et
1110 1799 1281 1839 percipere
1318 1807 1360 1829 ex
1398 1798 1682 1838 possessionibus
1707 1799 1738 1829 et
1765 1797 1864 1829 bonis
1905 1796 2025 1837 prefati
2051 1805 2130 1828 con-

310 1867 453 1901 ventus;
482 1864 547 1894 imo
574 1864 647 1903 ipse
674 1863 916 1903 possessiones
942 1864 972 1893 et
999 1861 1087 1892 bona
1113 1863 1345 1892 remanserunt
1370 1863 1400 1892 et
1426 1862 1598 1892 remanent
1624 1860 1781 1892 derelicta
1807 1862 1837 1891 et
1855 1859 1990 1890 zerbida
2008 1867 2046 1890 ac
2064 1867 2130 1889 non

311 1926 462 1957 laborata
487 1928 518 1957 et
544 1934 609 1956 non
636 1926 810 1962 seminata,
836 1927 867 1956 et
892 1925 991 1956 etiam
1018 1933 1085 1955 non
1112 1925 1292 1964 potuerunt
1318 1932 1378 1955 nec
1404 1925 1548 1963 possunt
1573 1923 1701 1963 aliquid
1727 1923 1862 1963 exigere
1887 1931 1906 1953 a
1924 1921 2130 1953 fictabilibus

311 1991 383 2020 eta
410 1988 622 2020 debitoribus
659 1987 779 2028 prefati
817 1989 1017 2024 conventus,
1054 1988 1123 2017 tum
1160 1986 1239 2026 quia
1278 1988 1414 2026 propter
1451 1986 1539 2016 dicta
1576 1985 1663 2017 bella
1689 1987 1720 2016 et
1745 1987 1962 2016 transcursus
1989 1983 2129 2014 militum

310 2054 404 2082 extra
433 2051 518 2082 lianc
545 2051 716 2082 civitatem
743 2052 834 2081 tutus
860 2058 926 2080 non
954 2050 1046 2089 patet
1070 2056 1232 2080 accessus
1258 2057 1317 2079 nec
1343 2056 1530 2088 regressus,
1556 2050 1624 2079 tum
1651 2048 1751 2079 etiam
1778 2047 1856 2087 quia
1883 2046 1946 2087 ipsi
1965 2045 2130 2077 fictabiles

313 2116 344 2144 et
370 2114 543 2145 debitores
570 2115 706 2153 propter
731 2113 818 2143 dicta
847 2111 932 2143 bella
958 2114 988 2143 et
1014 2111 1299 2151 depopulationes
1335 2119 1373 2141 ac
1414 2111 1594 2141 maximam
1633 2110 1806 2150 penuriam
1844 2109 2040 2140 victualium
2066 2116 2131 2148 que

313 2175 418 2216 viguit
443 2178 474 2207 et
500 2176 601 2216 viget,
626 2175 713 2206 adeo
740 2175 872 2206 fuerunt
898 2176 928 2205 et
954 2175 1031 2205 sunt
1057 2173 1201 2210 exausti‚
1227 2173 1318 2213 quod
1346 2173 1403 2203 vix
1431 2173 1555 2204 habent
1582 2173 1669 2204 unde
1696 2172 1829 2213 possint
1855 2172 1956 2203 vitam
1976 2170 2132 2202 substen-

312 2241 391 2270 tare.
418 2238 570 2279 Propone
590 2240 742 2279 petwnto
767 2237 800 2269 Ia
828 2237 958 2269 vendita
983 2236 1018 2268 a'i
1041 2245 1083 2268 1111
1108 2235 1217 2276 affitto
1238 2237 1396 2276 perpetuo
1421 2235 1456 2266 di
1477 2235 1499 2266 4
1523 2234 1637 2266 sacelli
1660 2235 1695 2266 <ii
1711 2234 1889 2275 frumento,
1905 2233 1965 2273 gill
1990 2233 2130 2264 lasciato

313 2301 347 2332 al
370 2303 527 2332 convento
553 2300 596 2332 da
621 2309 701 2331 snor
722 2299 865 2332 Miclzela
891 2300 1052 2339 Fugazza
1077 2298 1275 2330 Mantellata
1299 2297 1521 2338 Agostiniana
1542 2306 1604 2338 per
1617 2297 1650 2328 Ια
1675 2297 1899 2329 celebrazlone
1916 2296 1950 2328 di
1965 2298 2010 2327 tre
2027 2303 2132 2327 messe

317 2458 354 2478 alii
371 2464 414 2478 non
431 2458 537 2478 intersint
553 2460 574 2478 ct
591 2458 702 2478 absentes
718 2459 762 2478 sint
779 2458 875 2483 propter
891 2457 949 2477 bella
966 2456 1075 2482 vigentia,
1091 2456 1197 2477 costitui>

318 2508 390 2523 senno
406 2503 503 2523 l'intcro
519 2502 629 2527 capitolo,
646 2502 762 2522 adunatisi
779 2502 813 2522 nel
831 2503 964 2522 monastero
976 2501 1034 2521 delle
1046 2501 1196 2526 Agostiniane

319 2547 520 2567 dell'Annunzinta
537 2547 558 2566 di
576 2546 654 2570 Pax-ia,
671 2547 691 2566 in
709 2546 843 2571 parroechia
860 2545 881 2565 di
898 2545 919 2565 S.
937 2545 1053 2569 lnvenzio,
1078 2545 1096 2565 si
1113 2545 1197 2565 dicliia-

320 2596 375 2611 rmin
391 2591 490 2611 debitori
507 2596 575 2611 verso
591 2590 703 2611 Cviovanni
727 2590 814 2615 Angeia
830 2589 927 2610 Cantoni
944 2589 965 2609 di
982 2589 1021 2609 lire
1037 2590 1062 2609 48
1077 2589 1198 2614 imperiali,

320 2641 360 2661 per
375 2636 407 2655 sei
425 2636 505 2655 brente
521 2635 542 2655 di
559 2636 612 2655 vinu
629 2640 696 2655 rosso
713 2635 741 2654 da
757 2635 787 2655 lui
797 2634 900 2655 vendute
915 2640 927 2654 a
944 2633 1106 2658 s,M‹1stioi;1;
1122 2639 1133 2654 e
1146 2639 1197 2659 pro-

321 2681 425 2700 mettono
441 2679 463 2699 di
480 2679 574 2704 pagarle
596 2679 639 2699 alle
662 2678 757 2699 calende
780 2678 801 2698 di
824 2679 916 2702 aeostd
934 2677 977 2698 Pro
993 2678 1101 2698 cautione
1117 2679 1138 2698 et
1155 2683 1195 2698 seu

320 2729 362 2749 pro
378 2726 443 2749 parte
459 2723 575 2744 cautionis
590 2723 696 2744 crediti..⁴
714 2722 818 2748 prefatus
834 2722 942 2743 dominns
967 2722 1080 2742 lohannes
1095 2722 1197 2746 Angelus

321 2768 446 2789 confitetur
461 2768 571 2788 habuisse
586 2773 598 2788 a
615 2767 711 2793 pretatis
727 2767 826 2787 dominis
837 2766 914 2787 l’riure
923 2768 944 2787 et
955 2766 1074 2786 i-‘rairnms
1086 2766 1199 2790 [ii-'inellas

321 2812 381 2833 du‘ts
396 2818 408 2833 a
425 2813 503 2837 missa,
520 2818 617 2838 quarum
634 2817 677 2832 una
694 2814 729 2832 est
745 2811 863 2831 avelutata
884 2810 1016 2831 cremixillis
1032 2810 1130 2830 nliorata
1146 2816 1196 2830 cum

321 2862 396 2879 cruce,
414 2859 436 2877 et
451 2857 523 2877 altera
539 2857 658 2877 avelutaia
674 2856 806 2877 cremixillis
822 2855 904 2880 frusta,
920 2856 942 2875 et
959 2855 1107 2880 (lepusitatas
1128 2860 1199 2880 penes

322 2901 473 2922 reverendum
490 2901 608 2921 dominum
626 2900 783 2921 Innocentium
799 2900 827 2920 de
844 2899 977 2920 Vertnmate
999 2899 1100 2919 l'riorcin
1116 2899 1137 2919 in
1154 2904 1200 2919 mo-

323 2946 425 2966 nasterio
441 2945 576 2966 Monialiuni
593 2945 620 2965 de
636 2945 656 2965 la
673 2944 814 2965 Annuntiata
841 2943 937 2969 Papio..
964 2943 1011 2964 Hoc
1027 2946 1103 2963 tamen
1119 2944 1189 2963 acto..

324 2990 386 3016 quod
402 2990 421 3011 si
443 2990 546 3010 evenerit
568 2995 637 3010 casus
660 2989 711 3010 belli
734 2990 756 3009 et
779 2989 842 3009 sachi
868 2988 983 3014 generalis
1007 2988 1075 3008 liuius
1099 2987 1201 3008 civitatis

324 3034 403 3060 Fame,
420 3036 441 3055 et
457 3034 518 3055 dicte
534 3034 632 3060 pianelle
647 3033 838 3059 deperderentur,
855 3033 918 3059 quod
928 3032 991 3053 Deus
999 3034 1099 3057 avertat,
1116 3038 1160 3052 non
1172 3034 1204 3053 tc-

1252 2456 1350 2476 neantur
1365 2454 1394 2475 ad
1411 2455 1553 2475 solucionem
1580 2460 1622 2475 nec
1646 2454 1863 2480 compensacionem
1886 2454 1909 2474 et
1931 2453 2020 2473 illarum
2036 2451 2129 2472 restitu—

1252 2501 1341 2521 cionem
1357 2501 1404 2521 tam
1430 2499 1519 2525 pretam
1542 2499 1634 2519 domina
1652 2499 1764 2519 l’riorissa
1790 2504 1859 2524 quam
1882 2498 1958 2518 dictus
1974 2497 2081 2517 dominus
2097 2496 2129 2517 lo-

1253 2545 1340 2565 hannes
1356 2544 1457 2568 Angelus·
1482 2544 1612 2569 respective
1638 2543 1766 2567 referendo,
1789 2542 1829 2563 sed
1852 2545 1928 2563 tamen
1945 2541 2026 2567 prefati
2043 2540 2128 2561 domini

1255 2589 1320 2610 l'rior
1336 2590 1357 2609 ct
1374 2588 1458 2609 tratres
1474 2590 1604 2612 tencantur,
1628 2588 1662 2608 liis
1685 2593 1729 2608 non
1751 2587 1910 2611 obstantibus,
1935 2586 1964 2607 ad
1986 2586 2128 2606 solucionem

1253 2633 1410 2659 predictarum
1427 2632 1585 2658 pecuniarum,

1305 2677 1330 2698 Αἰ
1346 2677 1466 2701 291ugno,
1489 2682 1532 2697 con
1554 2678 1605 2697 atto
1627 2676 1648 2696 di
1672 2675 1729 2697 Gian
1753 2675 1831 2696 pietro
1846 2675 1954 2701 Appiani,
1977 2675 1998 2695 in
2014 2676 2128 2695 conventu

1252 2724 1332 2742 sancte
1348 2721 1459 2742 Mustiole
1469 2720 1547 2746 Panic,
1557 2720 1663 2741 vldelicet
1674 2720 1694 2740 in
1705 2720 1804 2745 quadam
1816 2725 1906 2740 camera
1915 2719 2030 2745 superiori
2039 2719 2131 2740 cubicu-

1254 2766 1294 2786 lari
1312 2765 1365 2786 dicti
1382 2767 1519 2789 conventus,
1530 2766 1625 2790 propter
1635 2764 1788 2789 egritudinem
1804 2763 1944 2789 infrascripti
1956 2763 2041 2784 domini
2053 2763 2131 2784 fratris

1254 2810 1361 2830 loliannis
1377 2809 1459 2834 Marte,
1482 2809 1637 2830 existentibus
1659 2809 1744 2829 ibidem
1770 2808 1943 2829 venerabilibus
1967 2808 2067 2828 dominis
2088 2807 2131 2828 tra-

1255 2854 1329 2875 tribus
1346 2853 1420 2874 David
1437 2854 1464 2874 de
1480 2853 1583 2874 Artaldis
1599 2853 1678 2874 Priore
1693 2855 1715 2873 et
1732 2858 1804 2878 penes
1820 2858 1871 2873 eum
1887 2852 1988 2873 dominis
2003 2853 2073 2872 tratre
2088 2851 2131 2872 Va-

1255 2899 1341 2919 lentino
1357 2898 1384 2919 tle
1401 2898 1564 2923 Mantegaziis,
1589 2897 1660 2918 tratre
1676 2897 1722 2918 loli.
1741 2897 1812 2918 Paulo
1828 2897 1856 2918 de
1872 2897 2019 2917 Benzonibus
2035 2898 2056 2917 et
2072 2895 2131 2916 irate

1255 2943 1355 2963 lolianne
1371 2942 1444 2963 Maria
1461 2942 1488 2962 de
1505 2942 1632 2963 Venetiis¹⁴
1649 2941 1788 2962 facientibus
1803 2943 1878 2962 totum
1894 2941 2030 2966 capitulum,
2041 2941 2130 2961 attenta

1255 2988 1353 3008 aliorum
1369 2987 1475 3008 absentia
1492 2989 1588 3012 propter
1605 2989 1735 3012 temporum
1751 2986 1891 3011 discrimina,
1907 2986 2021 3011 cleggono
2036 2985 2050 3005 il
2066 2984 2131 3006 detto

1260 3031 1338 3052 Priore
1355 3031 1376 3052 in
1392 3030 1546 3052 procuratore
1562 3031 1598 3051 del
1614 3030 1742 3052 Convento.
