2305 3407
307 179 373 211 302

303 313 358 345 ubi
384 315 415 344 et
440 315 590 353 tempore
609 319 676 352 quo
702 311 826 342 fiebant
851 309 1044 341 oblationes
1063 307 1284 339 festivitatum
1312 304 1611 344 infrascriptarum.
1630 302 1669 334 Et
1694 302 1755 334 hec
1773 303 1885 334 omnia
1910 305 2123 344 exequantur

302 384 361 415 per
386 382 633 415 quemcumque
659 373 856 405 servitorem
883 374 912 403 et
938 370 1099 402 familiam
1125 371 1364 409 opportunam,
1390 367 1554 404 valituris,
1580 368 1640 398 etc.
1667 365 1706 397 Et
1732 366 1820 403 inde,
1846 368 1907 398 etc.

388 435 540 474 Quorum
567 435 854 476 pignorandorum
881 433 1017 464 nomina
1042 433 1120 463 sunt
1146 431 1217 468 hec,
1243 430 1419 461 videlicet:

388 498 553 539 Magister
578 496 764 539 Gregorius
790 496 1006 528 barbitonsor
1038 497 1069 525 et
1095 494 1255 534 magister
1281 492 1323 524 ln.
1351 491 1510 524 stefanus
1536 491 1772 523 barbitonsor:
1798 491 1958 523 consules
1983 492 2121 532 paratici

299 561 572 592 barbitonsorum
600 569 660 600 pro
686 558 920 590 oblationibus
945 555 977 589 S.
1004 556 1051 588 M.
1079 557 1109 587 in
1136 554 1379 596 Canepanova‚
1399 553 1431 586 S.
1463 553 1566 587 Rochi
1593 557 1623 586 et
1649 552 1681 586 S.
1709 553 1888 595 Augustini
1917 554 2123 586 —florenos

299 625 374 658 tres,
403 622 436 653 L.
461 622 482 652 4
507 622 570 653 sol.
600 621 638 653 16
664 621 779 661 imper.

386 684 589 715 Nominatus
614 683 642 714 el
670 682 805 723 Borgna
831 684 932 713 nauta
957 684 989 713 et
1023 681 1217 712 nominatus
1243 679 1407 711 Matiolus
1439 682 1561 711 nauta:
1587 679 1747 711 consules
1780 679 1917 719 paratici
1945 681 2121 711 nautarum

298 756 357 787 pro
383 746 554 777 oblatione
580 743 611 777 S.
639 744 818 786 Augustini
845 744 886 776 de
911 746 943 776 et
969 753 1028 784 pro
1055 743 1087 775 L.
1118 744 1144 781 l,
1170 743 1232 775 sol.
1263 742 1300 773 12
1326 743 1442 783 imper.
1469 741 1636 773 lohannes
1661 740 1826 782 Pipereus
1852 742 2008 774 vicarius.

1081 944 1345 985 CMXCV.

396 1056 625 1085 Professione
651 1055 814 1091 religiosa
839 1054 873 1083 di
898 1055 987 1083 frate
1011 1054 1237 1091 Simpliciano
1263 1053 1316 1082 de'
1345 1053 1458 1085 Conti,

925 1177 1080 1208 1564,
1112 1177 1394 1209 fel)brz1109
1427 1178 1479 1202 8.

823 1294 890 1315 Arcli⁴
908 1294 988 1314 Notar.
1005 1294 1027 1314 di
1044 1293 1122 1314 Pavia.
1140 1304 1164 1307 —
1180 1293 1228 1314 Atti
1244 1293 1265 1313 di
1282 1292 1340 1314 Gian
1357 1293 1459 1314 Luchino
1474 1292 1585 1318 Oleario).

395 1453 443 1568 I
539 1471 563 1497 N
589 1466 776 1497 reffectorio
803 1465 997 1497 monasterii
1024 1465 1129 1496 sancti
1149 1464 1330 1505 Augustini
1357 1462 1494 1504 Papie...
1521 1461 1736 1495 Constitutus
1761 1463 1860 1495 frater
1878 1462 2120 1504 Simplicianus

309 1538 310 1565 l
561 1529 601 1560 de
628 1527 772 1566 comite,
798 1528 888 1559 filius
914 1527 1040 1559 nobilis
1065 1527 1193 1558 domini
1220 1527 1413 1568 Augustini,
1431 1526 1530 1558 etatis
1555 1535 1719 1557 annorum
1746 1526 1893 1558 sedecim
1913 1529 1944 1558 et
1971 1527 2065 1564 ultra,
2085 1528 2119 1558 ut

309 1574 310 1589 ἵ
561 1591 640 1622 dicit
665 1592 695 1622 et
721 1592 937 1631 protestatur,
963 1598 1075 1620 coram
1103 1589 1288 1621 reverendo
1315 1589 1453 1620 domino
1479 1589 1641 1629 magistro
1669 1588 1803 1620 Andrea
1829 1589 1869 1620 de
1888 1589 2004 1620 Monte
2029 1588 2120 1622 Cau-

293 1654 382 1684 sario
410 1652 470 1685 Dei
504 1654 610 1694 gratia
637 1652 750 1684 Priore
785 1653 862 1684 dicti
891 1653 1153 1683 monasterii...
1187 1661 1224 1683 ac
1251 1651 1474 1692 infrascriptis
1500 1651 1754 1683 venerabilibus
1780 1652 1927 1683 dominis
1960 1651 2120 1684 fratribus

294 1715 402 1755 ipsius
437 1715 643 1752 monasterii,
669 1715 846 1746 videlicet:
881 1713 1079 1747 Reverendo
1113 1714 1251 1745 domino
1285 1712 1398 1745 Priore
1431 1714 1594 1754 predicto,
1621 1716 1714 1754 patre
1747 1714 1908 1754 magistro
1942 1712 2120 1746 Dominico

293 1777 433 1808 firmano
458 1780 603 1817 regente,
620 1779 711 1817 patre
738 1776 939 1808 bacalaureo
966 1776 1064 1807 fratre
1083 1775 1275 1817 Augustino
1301 1776 1342 1807 de
1368 1774 1512 1813 Cesena‚
1532 1778 1624 1816 patre
1651 1775 1853 1807 bacalaureo
1879 1775 1978 1807 fratre
1999 1775 2121 1808 Ioanne

294 1839 460 1879 papiensi,
480 1842 572 1879 patre
598 1838 697 1870 fratre
723 1837 861 1878 Orplieo
887 1838 1075 1878 subpriore,
1094 1840 1187 1878 patre
1206 1838 1304 1869 tratre
1324 1837 1367 1869 lo.
1391 1837 1534 1869 Antonio
1561 1838 1727 1878 papiensi,
1743 1840 1836 1878 patre
1861 1837 1960 1869 fratre
1979 1837 2120 1869 Nicolao

293 1901 460 1941 papiensi,
487 1904 580 1941 patre
607 1901 730 1932 lectore
756 1900 855 1932 fratre
883 1900 1067 1931 Baldasare
1101 1900 1329 1940 neapolitano,
1363 1902 1457 1940 patre
1482 1899 1581 1931 fratre
1608 1899 1800 1940 Augustino
1833 1900 2000 1940 papiensi,
2027 1903 2121 1941 patre

292 1962 390 1994 fratre
418 1963 460 1994 lo.
488 1962 641 2003 Baptista
669 1963 836 2003 papiensi.
863 1962 987 1993 ibidem
1006 1962 1234 2002 capitulariter
1252 1962 1478 2002 congregatis,
1497 1962 1553 2001 qui
1580 1962 1741 2002 exposuit
1765 1964 1796 1993 et
1821 1962 1962 2002 exponit
1981 1962 2121 2002 prefatis

296 2025 489 2056 reverendis
514 2025 663 2056 dominis
690 2024 793 2056 Priori
820 2027 851 2056 et
878 2024 1049 2056 Fratribus
1076 2026 1109 2056 ut
1135 2033 1237 2064 supra
1263 2024 1478 2065 congregatis
1504 2032 1540 2055 se
1565 2023 1792 2064 complevisse
1817 2026 1937 2055 etatem
1956 2033 2120 2055 annorum

293 2087 440 2118 sedecim
459 2090 490 2119 et
509 2088 603 2125 ultra,
624 2090 721 2128 prout
746 2088 845 2118 etiam
871 2087 1017 2118 asseruit
1035 2086 1157 2118 factam
1185 2086 1290 2117 fuisse
1316 2087 1415 2117 fidem
1444 2095 1500 2126 per
1520 2086 1683 2126 prefatum
1702 2086 1874 2117 dominum
1901 2087 1975 2118 eius
1993 2089 2120 2127 patrem

295 2149 369 2181 lieet
407 2152 575 2187 oretenus,
601 2152 632 2181 et
659 2150 735 2181 ideo
774 2150 904 2190 rogavit
929 2152 960 2180 et
987 2151 1081 2189 rogat
1107 2148 1257 2189 prefatos
1290 2149 1448 2180 dominos
1482 2148 1630 2179 Priorem
1665 2151 1696 2179 et
1723 2148 1853 2180 Fratres
1880 2150 1913 2179 ut
1945 2148 2121 2180 admittant

294 2212 404 2251 ipsum
420 2212 461 2243 ad
482 2211 730 2252 professionem
758 2211 945 2242 secundum
973 2220 1097 2242 morem
1117 2210 1303 2251 Religionis
1322 2211 1482 2251 predicte,
1498 2210 1642 2242 offerens
1661 2218 1697 2241 se
1722 2212 1753 2241 et
1771 2211 1970 2251 promittens
1996 2211 2121 2241 servire

293 2277 323 2304 et
341 2274 487 2305 debitam
508 2274 703 2305 servitutem
723 2273 833 2305 facere
851 2275 921 2304 toto
946 2275 1096 2313 tempore
1123 2273 1189 2304 vite
1216 2281 1275 2304 sue
1302 2271 1535 2313 Omnipotenti
1555 2271 1629 2303 Deo
1647 2275 1679 2304 et
1705 2272 1803 2304 beato
1820 2271 1906 2303 Patri
1927 2271 2118 2313 Augustino

295 2336 481 2366 secundum
514 2335 653 2367 formam
689 2338 720 2367 et
754 2338 902 2367 tenorem
930 2335 1042 2376 regule
1078 2335 1232 2366 eiusdem
1266 2335 1372 2366 sancti
1406 2334 1585 2375 Augustini
1625 2337 1656 2366 et
1688 2335 1948 2366 constitutiones
1981 2334 2120 2375 predicti

293 2396 443 2435 Ordinis,
469 2401 646 2438 ceteraque
672 2398 858 2438 adimplere
892 2397 1080 2429 secundum
1108 2396 1249 2428 formam
1283 2396 1487 2437 prefatarum
1520 2397 1818 2428 constitucionum.
1845 2395 1909 2434 Qui
1944 2397 2118 2428 reverendi

294 2460 420 2490 domini
449 2459 542 2490 Prior
560 2464 589 2491 et
610 2460 740 2491 Fratres
758 2460 952 2500 congregati
974 2462 1007 2490 ut
1025 2468 1138 2499 supra,
1159 2460 1269 2499 ipsum
1290 2459 1462 2490 dominum
1483 2459 1615 2490 fratrem
1635 2457 1891 2499 Simplicianum
1906 2461 2123 2499 acceptarunt

295 2525 325 2552 et
351 2524 525 2562 acceptant
559 2523 589 2553 in
625 2522 817 2562 professum
844 2524 874 2552 et
902 2522 932 2552 in
959 2521 1092 2552 fratrem
1128 2522 1267 2561 predicti
1303 2524 1491 2552 conventus
1525 2522 1632 2552 sancti
1663 2520 1844 2561 Augustini
1881 2523 1913 2552 ut
1947 2529 2060 2561 supra,
2089 2523 2120 2552 et

297 2585 438 2623 proinde
465 2584 616 2624 prefatus
643 2585 803 2615 dominus
829 2584 930 2615 frater
955 2582 1197 2623 Simplicianus
1223 2586 1344 2623 sponte
1370 2586 1401 2615 et
1427 2583 1540 2621 libere,
1567 2592 1632 2614 non
1659 2585 1746 2614 metu
1774 2592 1833 2614 nec
1859 2583 1987 2620 timore,
2013 2583 2123 2614 emisit

296 2647 326 2676 in
355 2647 511 2677 manibus
538 2646 655 2686 prelati
683 2646 857 2677 reverendi
885 2646 1011 2677 domini
1040 2645 1166 2677 Prioris
1192 2654 1287 2677 suam
1316 2645 1562 2686 professionem
1598 2648 1631 2676 ut
1662 2654 1775 2685 supra.
1803 2645 2027 2685 Ampliusque
2061 2646 2120 2676 do-

297 2711 388 2741 navit
413 2712 443 2740 et
469 2709 571 2740 donat
596 2718 634 2740 ac
661 2709 798 2740 liberam
826 2709 1048 2739 donacionem
1076 2708 1153 2739 fecit
1179 2711 1210 2739 et
1236 2707 1314 2739 facit
1345 2708 1589 2748 suprascriptis
1615 2708 1810 2739 reverendis
1835 2708 1982 2739 dominis
2016 2706 2120 2738 Priori

297 2775 327 2803 et
355 2772 525 2803 Fratribus
552 2774 581 2802 et
608 2780 666 2802 seu
695 2771 824 2811 prefato
851 2771 1066 2808 monasterio,
1092 2771 1133 2802 de
1159 2771 1318 2802 omnibus
1345 2773 1375 2802 et
1406 2770 1680 2810 quibuscumque
1706 2770 1779 2801 eius
1812 2770 1911 2801 bonis
1938 2770 2122 2801 mobilibus

299 2837 329 2866 et
357 2834 600 2871 immobilibus,
628 2834 843 2874 presentibus
869 2837 899 2864 et
926 2833 1048 2864 futuris
1074 2835 1104 2864 et
1131 2834 1161 2864 in
1188 2842 1263 2864 eum
1290 2833 1547 2873 quomodolibet
1572 2832 1694 2863 futuris
1720 2835 1751 2863 et
1770 2832 1982 2872 perventuris
2001 2832 2124 2872 quavis

297 2905 402 2928 causa
428 2899 458 2927 et
484 2896 676 2927 occasione.
704 2894 951 2933 RenuntiandO,
977 2898 1038 2926 etc.
1066 2895 1104 2926 Et
1131 2895 1216 2931 inde,
1244 2897 1304 2926 etc.
1333 2893 1563 2932 Presentibus,
1590 2896 1650 2925 etc.
1677 2894 1832 2925 testibus.
