2305 3407
1949 133 2009 166 241

960 315 1255 356 CMXLIV.

288 424 302 452 1
328 424 562 453 Commissari
598 424 655 452 del
691 423 846 452 Comune
872 424 907 452 di
934 424 1046 452 Pavia
1083 424 1289 452 deliberano
1326 424 1359 452 di
1398 424 1561 453 chiedere
1587 424 1621 452 al
1654 425 1798 453 Sommo
1836 426 2013 454 Pontefice

200 477 222 506 1’
239 477 526 506 autorizzazione
551 477 586 506 di
611 481 840 505 concentrare
865 477 875 505 i
901 477 1063 505 conventi
1089 477 1281 505 suburbani
1307 477 1431 505 dentro
1457 477 1491 505 la
1517 477 1602 506 citta
1628 478 1663 506 di
1688 478 1813 506 Pavia.

854 582 992 606 1553
1003 596 1016 612 9
1050 587 1157 606 mex
1164 588 1256 608 1⁴20
1267 596 1281 612 ‚
1313 582 1366 606 ὅ.

577 669 654 690 Ἀῐς1ι.
670 669 707 690 del
722 669 807 690 Museo
823 668 902 690 Civico
918 669 939 690 di
955 670 1013 690 stor.
1031 671 1090 695 patr.
1107 669 1128 689 di
1146 669 1216 690 Pavia
1231 680 1255 683 —
1272 669 1322 690 Atti
1337 669 1362 690 di
1378 669 1491 694 Pron-is„
1507 675 1580 695 paceo
1598 670 1621 690 18
1637 686 1640 689 Α

249 853 395 970 Nl
443 869 526 903 mv,
552 865 605 896 die
630 865 650 896 5
677 864 806 896 Marcii.

215 971 217 979 ¹
553 927 625 959 Nos
651 927 854 968 infrascripti
882 937 939 968 per
966 928 1164 969 magnificos
1201 929 1358 960 dominos
1396 928 1586 969 Deputatos
1622 929 1736 960 officio
1774 928 2012 961 provisionum

269 1027 274 1028 ⁷
388 1027 420 1028 W
465 1000 525 1022 nec
551 1000 617 1022 non
643 992 674 1022 et
700 999 758 1030 per
783 991 997 1030 magnificum
1024 989 1213 1022 Consilium
1241 990 1406 1023 Generale
1434 991 1533 1022 huius
1551 989 1709 1023 Civitatis
1736 990 1838 1032 Papie
1864 991 1957 1022 electi
1984 994 2015 1022 et

199 1027 349 1094 deputati
376 1054 418 1085 ad
444 1062 557 1085 curam
585 1053 792 1094 provisionis
818 1053 1029 1092 procurande
1055 1053 1097 1084 ad
1125 1054 1224 1085 finem
1252 1053 1343 1093 quod
1371 1054 1546 1086 reverendi
1585 1054 1715 1085 monaci
1742 1052 1800 1085 S.ti
1827 1052 2015 1085 Salvatoris

199 1118 230 1148 et
255 1115 312 1148 S.ti
340 1115 486 1157 Spiritus
510 1117 542 1147 et
566 1115 733 1147 reverendi
756 1115 888 1146 Fratres
913 1114 944 1147 S.
972 1115 1084 1147 lacobi
1112 1118 1144 1147 et
1169 1115 1285 1148 Sancti
1309 1116 1409 1147 Pauli
1445 1117 1567 1148 habere
1605 1117 1739 1157 possint
1772 1116 2012 1148 habitationem

198 1179 270 1209 sive
297 1178 534 1210 monasterium
562 1178 593 1208 in
619 1177 791 1218 aliquibus
828 1178 1042 1209 monasteriis
1069 1179 1131 1209 iam
1166 1179 1369 1210 constructis
1406 1179 1506 1210 huius
1542 1179 1699 1217 civitatis,
1737 1181 1835 1219 prout
1860 1179 1901 1210 de
1926 1179 2013 1210 dicta

199 1243 312 1272 nostra
338 1241 544 1272 comissione
570 1241 601 1271 et
627 1240 790 1271 electione
826 1242 967 1280 apparet
991 1249 1032 1271 ex
1060 1241 1177 1272 ordine
1215 1250 1274 1281 per
1311 1241 1461 1281 prefatos
1487 1242 1687 1282 magnificos
1713 1242 1871 1273 dominos
1898 1241 2013 1282 Depu-

198 1304 286 1334 tatos
311 1304 342 1334 et
368 1311 426 1343 per
452 1301 617 1342 prefatum
657 1302 871 1342 magnificum
899 1301 1088 1334 Consilium
1126 1303 1281 1344 generale
1307 1304 1372 1335 sub
1398 1304 1452 1335 die
1491 1304 1606 1335 ultima
1643 1304 1832 1335 decembris
1860 1304 2012 1344 proxime

199 1366 354 1406 preteriti,
381 1367 441 1396 etc.
468 1364 600 1396 Habitis
627 1364 808 1404 superinde
835 1364 958 1395 debitis
983 1365 1302 1403 consultationibus,
1329 1366 1359 1396 in
1386 1367 1589 1406 exequtione
1616 1366 1702 1397 dicte
1739 1366 1962 1397 ordinationis
1987 1370 2017 1397 et

197 1427 394 1459 auctoritate
420 1427 519 1458 nobis
545 1426 728 1467 superinde
753 1427 923 1463 attributa,
951 1427 981 1458 in
1009 1427 1073 1458 hiis
1099 1428 1233 1468 scriptis
1259 1428 1457 1459 ordinamus
1483 1428 1587 1468 quod,
1622 1428 1755 1459 nomine
1771 1429 1871 1459 huius
1888 1429 2015 1469 magni-

197 1490 258 1521 fice
283 1488 519 1526 Comunitatis,
546 1490 686 1520 instetur
712 1490 742 1520 et
768 1489 977 1529 supplicetur
1002 1490 1093 1530 apud
1121 1490 1267 1522 illustres
1293 1491 1451 1522 dominos
1476 1489 1677 1531 Superiores
1703 1492 1733 1521 et
1759 1492 1867 1521 status
1885 1490 2017 1522 Medio-

198 1552 263 1583 lani
290 1550 544 1584 Gubernatores
569 1551 612 1582 ad
638 1551 737 1582 tinem
775 1551 867 1591 quod
906 1551 969 1591 ipsi
1008 1552 1189 1593 dignentur
1229 1561 1408 1592 procurare
1433 1554 1464 1584 et
1490 1552 1682 1593 supplicare
1707 1552 1749 1583 ad
1776 1551 2014 1584 Beatissimum

198 1612 371 1646 Summum
399 1612 593 1644 Pontificem
620 1622 680 1653 pro
706 1613 893 1644 obtinendo
934 1614 1026 1654 quod
1069 1613 1237 1646 Sanctitas
1263 1612 1331 1646 Sua
1356 1614 1542 1646 concedere
1579 1614 1735 1655 dignetur
1767 1614 1914 1654 aliquem
1952 1613 2019 1646 Co-

198 1676 400 1714 missarium,
427 1675 483 1716 qui
509 1684 622 1707 curam
649 1675 772 1706 habeat
797 1677 828 1706 et
853 1676 1084 1707 auctoritatem
1111 1677 1355 1708 accomodandi
1372 1676 1543 1717 predictos
1561 1677 1767 1708 reverendos
1785 1677 1972 1708 monachos
1986 1679 2017 1708 et

195 1738 315 1770 fratres
340 1738 372 1769 in
399 1738 459 1769 hac
485 1738 621 1769 civitate
647 1738 678 1768 in
705 1738 922 1769 monasteriis
948 1738 1012 1769 iam
1039 1739 1244 1770 constructis
1269 1741 1300 1770 et
1325 1739 1456 1779 absque
1483 1739 1665 1779 dispendio
1703 1739 1802 1770 liuius
1840 1740 2016 1780 magnifice

197 1798 435 1838 Comunitatis‚
462 1800 555 1831 iuxta
581 1799 721 1831 formam
749 1800 899 1840 predicte
924 1801 1156 1832 ordinacionis
1181 1800 1324 1833 Consilii
1362 1800 1541 1833 Generalis
1566 1803 1597 1832 et
1623 1801 1876 1841 magnificorum
1911 1802 2013 1833 domi-

198 1871 316 1894 norum
342 1861 588 1903 Deputatorum
615 1861 840 1900 Provisionis‚
868 1865 901 1893 ut
927 1871 1042 1903 supra.
1080 1863 1279 1894 Manfredus
1305 1862 1452 1901 Ozenus,
1479 1863 1499 1894 l.
1526 1862 1564 1894 Α.
1590 1862 1729 1901 Zerbus,
1757 1863 1929 1895 Franchus
1956 1863 2017 1894 Lo-

198 1926 307 1963 natus,
334 1924 377 1956 lo.
404 1923 520 1956 Simon
547 1925 588 1956 de
615 1925 644 1956 la
671 1924 788 1963 Turre,
815 1924 1009 1956 Alexander
1040 1925 1216 1966 Folpertus
1235 1923 1294 1964 (1).

975 2134 1244 2174 CMXLV.

285 2242 314 2271 11
340 2242 503 2278 Capitolo
529 2243 564 2271 di
590 2242 623 2273 S,
651 2242 760 2270 Paolo
785 2242 904 2271 riceve
930 2243 953 2271 il
979 2247 1190 2278 pagamento
1216 2243 1251 2271 di
1276 2252 1321 2271 un
1347 2243 1463 2279 legato
1490 2243 1524 2271 di
1551 2243 1683 2272 Milano
1709 2243 1892 2275 Beccaria,

851 2365 1010 2396 1565,
1039 2365 1249 2397 aprile,
1280 2365 1358 2390 17.

746 2453 822 2474 *Arclr
840 2453 920 2474 Notar.
937 2453 958 2473 di
976 2453 1054 2474 pavia.
1072 2465 1095 2467 —
1111 2454 1155 2474 Atti
1172 2454 1193 2474 di
1210 2454 1335 2475 Cierolamo
1352 2453 1418 2478 Rho),

216 2602 218 2629 l

217 2645 218 2649 ’
266 2636 388 2753 N
437 2613 487 2688 ,[ΕΙ,
512 2653 670 2682 convento
696 2651 731 2682 di
754 2650 786 2683 S.
813 2650 931 2689 Paolo,
956 2651 1103 2682 adunato
1129 2651 1152 2682 il
1176 2651 1319 2692 capitolo
1355 2652 1387 2683 in
1424 2652 1477 2683 cui
1511 2660 1611 2683 erano
1636 2652 1796 2684 dominus
1821 2652 1921 2684 frater
1946 2651 2014 2684 Ga-

217 2730 219 2793 ?
437 2718 439 2733 ¹
467 2713 537 2745 leaz
562 2713 602 2744 de
628 2712 769 2744 Mantua
795 2713 896 2753 prior,
922 2712 1024 2744 frater
1049 2712 1234 2744 Flaminius
1259 2713 1300 2744 de
1326 2711 1493 2746 Cremona
1519 2714 1677 2753 vicarius,
1692 2714 1791 2746 frater
1809 2713 1947 2746 Gabriel
1974 2714 2016 2745 de

217 2797 219 2811 i
437 2756 439 2815 ¹1
467 2775 617 2807 Ferraria
641 2775 806 2812 sindicus,
833 2775 933 2807 frater
951 2774 1147 2816 Stephanus
1162 2775 1202 2807 de
1219 2774 1371 2807 Viadana
1386 2778 1418 2808 et
1432 2776 1532 2808 frater
1547 2776 1629 2808 Abel
1645 2777 1686 2809 de
1701 2779 1819 2809 sancto
1834 2775 2015 2814 GermanQ

201 2838 301 2868 avuta
320 2838 429 2878 prima
454 2838 725 2870 autorizzazione
749 2847 810 2870 con
834 2838 948 2870 lettera
972 2839 1084 2870 scritta
1109 2839 1140 2870 in
1166 2837 1273 2870 Pavia
1298 2839 1334 2871 αι’
1359 2839 1400 2871 15
1421 2847 1535 2871 marzo
1555 2839 1641 2872 1555
1655 2839 1714 2871 dai
1730 2839 1849 2871 fratres
1868 2838 2017 2879 Rapliael

257 2994 288 3017 (1)
307 2993 364 3014 Vedi
382 2993 396 3014 il
413 2993 555 3016 documento
570 2994 607 3016 del
621 2995 645 3017 31
663 2995 781 3017 dicembre
798 2996 855 3018 1554.
1988 3020 2012 3041 3¹
