2305 3407
271 138 336 171 306

351 271 506 313 Cumque
533 281 590 313 per
625 272 829 304 reverendos
853 273 1012 304 dominos
1037 272 1238 304 diffinitores
1271 270 1419 312 Capituli
1446 270 1624 304 Generalis
1656 272 1744 304 dicte
1771 272 1956 313 Religionis
1983 272 2085 305 l-lere-

265 335 417 366 mitarum
445 335 550 366 sancti
578 334 627 366 Au
642 335 757 374 tustini
785 335 901 366 ultimo
928 335 1013 368 loco,
1043 333 1165 367 15le.
1192 333 1405 365 venetiarum
1439 334 1608 371 celebrati,
1635 343 1700 365 non
1728 334 1812 366 bene
1844 336 1946 375 atque
1971 337 2090 366 exacte

265 397 376 438 quoad
404 397 537 438 singula
563 406 629 437 que
656 397 686 428 in
721 399 895 428 contractu
930 396 1189 428 continebantur
1216 395 1415 427 informatos
1441 396 1482 427 de
1514 396 1605 427 dicto
1637 398 1821 434 contractu,
1848 405 1956 437 neque
1990 396 2089 428 ullam

266 460 428 491 rubentes
455 460 605 491 notitiam
632 459 673 491 de
697 459 952 491 confirmatione
978 461 1108 490 asserta
1133 459 1212 490 dicti
1231 460 1425 490 contractus
1451 458 1634 498 superinde
1660 457 1758 495 facta,
1776 461 1900 490 certum
1920 459 2090 490 decretum

267 523 508 554 annullationis
526 522 604 553 dicti
631 524 825 553 contractus
842 521 966 553 factum
986 521 1091 552 fuisse
1110 521 1239 552 dicatur
1257 523 1287 552 et
1305 521 1429 552 exinde
1449 523 1578 561 postea,
1598 521 1755 552 videlicet
1774 521 1874 552 huius
1899 523 2092 552 contractus

270 585 485 616 rescissionis
525 593 637 619 causa,
664 587 736 615 orta
770 584 824 615 lite
850 586 881 615 et
914 583 1102 615 differentia
1135 583 1321 615 oecaxione
1347 583 1425 614 dicti
1461 585 1664 621 contractus,
1691 583 1775 614 inter
1800 583 1981 624 religiosos
2013 583 2091 615 dicti

269 645 408 679 Ordinis
435 646 677 677 Heremitarum
704 646 812 677 sancti
840 645 1019 686 Augustini
1045 647 1076 676 et
1102 644 1249 685 prefatas
1275 645 1431 676 dominas
1458 645 1623 677 moniales
1651 645 1730 677 dicti
1759 646 1952 677 monasterii
1977 654 2091 677 coram

270 709 417 741 diversis
444 709 636 740 iudicibus:

358 769 512 810 Cumque
531 771 716 801 novissime
735 771 765 800 in
785 768 944 810 Capitulo
962 769 1108 810 generali
1128 769 1314 800 Mediolani
1335 769 1465 800 noviter
1482 769 1663 807 celebrato,
1678 778 1710 801 re
1729 770 1803 810 ipsa
1822 770 1906 801 bene
1925 770 2094 810 exposita,

268 835 558 873 instranentoque
584 841 695 864 coram
723 831 880 863 Patribus
900 831 1148 862 Diffinitorib113
1175 831 1339 871 producto
1365 832 1395 862 et
1413 831 1525 871 quoad
1553 831 1706 872 singulas
1732 834 1844 872 partes
1871 832 2033 863 maturius
2051 831 2094 863 ab

268 896 317 927 eis
342 895 559 926 considerato
585 898 615 925 et
642 894 820 935 diligenter
846 896 1036 934 perspecto,
1063 896 1241 933 propterea
1275 893 1423 924 unanimi
1457 902 1627 925 consensu
1663 895 1924 926 deliberaverint
1949 895 1991 926 ad
2018 903 2098 926 con-

268 958 489 988 firmationem
516 957 594 988 dicti
621 959 815 988 contractus
841 956 1012 992 devenire,
1039 956 1081 986 ita
1108 956 1199 995 quod
1227 956 1336 986 dictus
1363 958 1558 987 contractus
1584 965 1681 988 suum
1709 957 1868 987 sortiatur
1885 957 2038 988 effectum
2065 957 2096 988 in

270 1019 429 1050 omnibus
455 1021 486 1050 et
513 1028 570 1059 per
596 1020 707 1050 omnia
735 1020 832 1059 prout
859 1019 943 1049 iacet
969 1018 1011 1049 ad
1039 1018 1198 1049 litteram:

360 1081 465 1112 Modo
491 1084 601 1112 antem
636 1084 825 1112 convocato
858 1084 888 1112 et
919 1083 1125 1121 congregato
1158 1079 1356 1111 diffinitoris)
1382 1080 1501 1120 prefati
1529 1079 1677 1121 Capituli
1711 1081 1878 1121 generalis
1911 1081 2098 1112 Mediolani

270 1144 348 1175 dicti
375 1143 514 1175 Ordinis
541 1143 782 1174 Heremitarum
810 1143 916 1174 sancti
937 1142 1130 1183 Augustini,
1150 1143 1179 1173 in
1200 1151 1313 1173 eorum
1341 1142 1424 1174 salla
1450 1143 1619 1180 auditorii,
1639 1143 1694 1173 ubi
1722 1152 1781 1183 pro
1808 1143 1953 1183 negotiis
1979 1141 2098 1183 prefati

269 1204 416 1245 CapItuli
444 1206 612 1245 generalis
638 1205 843 1245 peragendis
877 1205 985 1235 solent
1019 1205 1228 1245 congregari,
1255 1204 1296 1235 de
1330 1204 1488 1235 mandato
1514 1207 1545 1235 et
1571 1205 1789 1244 impositione
1823 1204 2098 1236 reverendissimi

272 1267 380 1299 Patris
407 1266 584 1299 Generalis
617 1267 745 1298 domini
781 1267 930 1307 magistri
964 1265 1167 1299 Cliristofori
1202 1265 1368 1304 Patavini,
1395 1267 1426 1297 in
1454 1276 1521 1307 quo
1553 1267 1752 1298 diifinitorio
1778 1267 1917 1298 aderant
1949 1266 2100 1307 prefatus

271 1330 430 1363 Revmus
457 1328 635 1360 Gsneralis
661 1332 691 1360 et
717 1338 790 1360 cum
818 1338 858 1359 eo
884 1332 915 1359 et
941 1337 1046 1369 penes
1064 1337 1139 1359 eum
1167 1329 1374 1360 reverendus
1401 1329 1560 1369 magister
1586 1328 1629 1360 10.
1649 1328 1816 1360 Antonius
1836 1329 2101 1360 mediolanensis

267 1392 432 1423 diit‘ii3t›·
460 1391 639 1423 l'rrvinsie
675 1391 888 1426 Lonbardie,
917 1391 1124 1422 reverendus
1158 1391 1320 1431 magister
1347 1391 1489 1432 Egidius
1516 1391 1556 1422 de
1589 1389 1702 1423 Cliora
1729 1391 1894 1422 diffinitor
1919 1390 2099 1422 Pr==vincie

271 1454 432 1491 Romane,
460 1455 619 1495 magister
647 1453 799 1485 Andreas
825 1463 842 1485 a
870 1456 987 1485 sancto
1013 1452 1180 1485 Ginnesio
1207 1453 1368 1484 diffinitor
1394 1453 1572 1484 Provincie
1599 1453 1749 1485 Mareliie
1769 1453 2015 1491 Anctronitane,
2035 1462 2104 1484 ma-

269 1518 372 1557 gister
399 1516 552 1547 Andreas
579 1516 781 1547 Volteranus
808 1516 968 1547 diffinitor
994 1515 1171 1547 Provincie
1199 1515 1364 1551 pisarum,
1392 1517 1552 1557 magister
1586 1515 1788 1547 Ambrosius
1814 1516 2013 1547 veronensis
2039 1514 2104 1546 dif-

270 1580 381 1610 finitor
409 1579 558 1610 Marciiie
585 1578 774 1613 Travisinc„
795 1579 954 1619 magister
979 1577 1214 1610 Cliristoforus
1234 1578 1414 1610 Sanctotus
1441 1578 1602 1610 diffinitor
1622 1578 1798 1610 Provincie
1817 1577 1964 1610 Castelle
1992 1577 2103 1609 Betice

271 1646 302 1673 et
330 1641 496 1678 Indorum,
524 1641 682 1681 magister
715 1640 912 1672 Vincentius
947 1640 1208 1681 Montagnesius
1234 1640 1396 1672 diffinitor
1423 1640 1601 1672 provincie
1636 1641 1804 1681 Aragonie
1830 1642 1860 1672 et
1887 1638 2100 1677 Catlialonie,

273 1705 432 1745 magister
465 1703 591 1735 Paulus
616 1704 772 1734 senensis
805 1703 967 1734 diffinitor
1000 1702 1178 1734 Provincie
1212 1702 1385 1741 Senarum,
1419 1704 1578 1743 magister
1610 1703 1844 1743 Areliangelus
1877 1703 2099 1734 bononiensis

272 1766 433 1798 diffinitor
459 1765 635 1796 Provincic
663 1764 895 1798 meandiole,
922 1766 1082 1806 magister
1109 1765 1325 1797 Hieronimus
1345 1766 1582 1806 neapolitanus
1602 1765 1764 1797 diffinitos
1794 1764 1971 1796 provincie
1997 1764 2100 1796 Terre

272 1829 423 1864 Laboris,
451 1829 610 1869 magister
629 1827 793 1859 Tlmdeus
813 1828 994 1868 perusinus
1012 1827 1176 1858 diffinitor
1194 1827 1372 1859 Provincie
1393 1828 1540 1866 Umbrie,
1556 1829 1716 1869 magister
1736 1827 1886 1869 Angelus
1912 1827 2100 1859 bitontinus

272 1891 432 1922 diffinitor
459 1890 636 1921 Provincie
655 1890 787 1930 Apulie‚
807 1890 966 1930 magister
985 1889 1128 1921 lacobus
1154 1890 1194 1921 de
1214 1889 1395 1921 Panormio
1413 1890 1574 1922 diffinitor
1592 1890 1772 1922 Provincie
1799 1889 1924 1927 Sicilie,
1943 1890 2102 1930 magister

273 1953 436 1984 Nicolaus
463 1953 502 1983 de
531 1952 647 1984 Monte
675 1952 798 1992 Elparo
824 1951 988 1983 diffinitor
1015 1951 1192 1984 Provincie
1220 1952 1372 1990 Bavarie,
1399 1953 1558 1993 magister
1585 1952 1717 1983 Florius
1742 1952 1783 1983 de
1811 1951 1915 1983 Paula
1941 1951 2102 1983 diffinitor

273 2016 449 2047 Provincie
476 2014 644 2052 Calabrie‚
670 2017 701 2046 et
727 2014 931 2046 venerabilis
958 2016 1051 2055 pater
1078 2014 1178 2046 frater
1204 2014 1404 2046 Franciscus
1430 2015 1471 2046 de
1504 2013 1624 2047 Civeta
1650 2015 1756 2046 sancti
1791 2014 1908 2054 Angeli
1942 2014 2103 2045 diffinitor

273 2077 451 2109 Provincie
472 2077 614 2118 Aprutii,
640 2086 758 2108 omncs
777 2077 980 2108 diffinitores
999 2077 1076 2108 dicti
1097 2075 1245 2117 Capituli
1266 2075 1453 2114 Generalis,
1471 2077 1636 2109 facientes
1654 2079 1685 2108 et
1704 2078 1977 2117 representantes
1995 2077 2100 2107 totum

272 2143 303 2171 et
330 2141 493 2179 integrum
525 2138 721 2179 Capitulum
741 2138 906 2171 Generale
934 2148 1021 2170 nunc
1042 2139 1227 2170 Mediolani
1254 2139 1483 2177 cellebratum‚
1502 2148 1620 2170 omnes
1647 2139 1823 2170 unanimes
1848 2141 1878 2169 et
1897 2138 1968 2169 suis
1995 2138 2101 2169 nomi-

274 2203 374 2233 nibus
409 2203 554 2242 propriis
588 2204 619 2233 et
652 2202 786 2233 nomine
820 2202 900 2233 dicti
934 2202 1037 2232 totius
1069 2199 1218 2241 Capituli
1257 2200 1446 2239 Generalis,
1478 2202 1640 2233 habentes
1674 2203 1772 2241 prout
1805 2209 1907 2240 supra
1941 2200 2100 2231 dixerunt

274 2273 385 2295 veram
412 2270 443 2295 et
469 2268 592 2295 certam
626 2265 777 2295 notitiam
809 2264 888 2295 dicti
925 2264 1136 2295 instrumenti
1170 2266 1363 2295 contractus
1397 2266 1430 2295 ut
1462 2273 1565 2304 supra
1598 2264 1769 2295 cellebrati
1803 2263 1988 2294 occaxione
2021 2262 2099 2293 dicti

274 2327 467 2357 monasterii
495 2328 609 2357 sancte
637 2326 798 2357 Mustiole
826 2325 930 2366 Papie
956 2335 995 2357 ac
1021 2326 1170 2356 omnium
1199 2326 1275 2357 inde
1301 2328 1545 2366 sequutorum:

363 2386 518 2428 Cumque
548 2388 706 2419 omnibus
734 2390 860 2419 mature
889 2388 1126 2425 consideratis,
1145 2388 1367 2428 cognoverint
1392 2390 1423 2419 et
1450 2387 1672 2419 iudicaverint
1690 2387 1802 2418 omnia
1822 2387 1852 2417 in
1872 2386 1961 2417 dicto
1981 2386 2102 2417 instru-

274 2453 385 2481 mento
411 2453 572 2481 contenta
599 2450 669 2482 fore
695 2453 726 2481 et
752 2459 827 2482 esse
853 2451 951 2487 iusta,
977 2458 1063 2490 equa
1090 2452 1120 2480 et
1147 2449 1311 2490 Religioni
1343 2459 1402 2481 sue
1429 2450 1534 2487 utilia,
1561 2450 1675 2481 multis
1707 2450 1748 2480 de
1774 2449 1888 2480 causis
1921 2457 1980 2488 per
2006 2449 2102 2488 ipsos

274 2512 480 2543 reverendos
517 2511 727 2543 Diffinitores
759 2512 1002 2543 consideratis:
1035 2512 1112 2543 Ideo
1140 2512 1295 2543 volentes
1332 2512 1423 2552 quod
1456 2512 1582 2544 dictum
1617 2512 1874 2543 instrumentum
1907 2512 2102 2542 contractus

274 2583 371 2606 suum
399 2575 557 2605 sortiatur
582 2575 746 2611 effectum,
767 2575 859 2614 prius
878 2576 909 2605 et
934 2576 1010 2605 ante
1036 2575 1148 2606 omnia
1175 2574 1436 2606 annullaverunt
1454 2576 1485 2606 et
1511 2574 1686 2606 annullant
1711 2574 1823 2604 omnia
1841 2574 1871 2603 et
1891 2581 2102 2613 quecumque

272 2637 398 2677 agitata
418 2645 476 2676 per
494 2645 729 2676 quoscumque
758 2635 950 2677 Religiosos
976 2637 1054 2668 dicti
1074 2635 1215 2668 Ordinis
1234 2636 1476 2668 Heremitarum
1496 2636 1601 2667 sancti
1622 2635 1800 2676 Augustini
1819 2636 1934 2666 contra
1953 2633 2102 2674 prefatas

274 2699 431 2730 dominas
458 2698 622 2730 moniales
649 2700 763 2730 sancte
791 2698 897 2730 Marie
923 2699 964 2730 de
991 2698 1107 2730 Monte
1133 2697 1280 2737 Oliveto,
1305 2699 1492 2730 occaxione
1526 2698 1603 2729 dicti
1637 2699 1840 2734 contractus,
1873 2696 2101 2736 omnibusque

273 2761 402 2792 littibus
428 2761 610 2801 superinde
637 2761 667 2791 in
702 2761 976 2801 quibuscumque
1011 2761 1095 2793 locis
1121 2763 1152 2793 et
1177 2770 1289 2793 coram
1324 2762 1596 2802 quibuscumque
1623 2760 1796 2791 iudicibus
1820 2758 1919 2790 factis
1952 2758 2102 2799 predicta

273 2823 460 2854 occaxione
487 2823 769 2854 renunciaverunt
787 2825 818 2854 et
844 2824 1052 2862 renunciant,
1078 2826 1109 2855 et
1135 2824 1274 2855 ulterius
1300 2823 1424 2855 dictum
1452 2823 1708 2854 instrumentum
1735 2823 1930 2853 contractus
1949 2823 2103 2860 utsupra

273 2887 304 2917 et
337 2885 427 2917 illius
460 2886 576 2925 vigore
613 2886 880 2926 aprehensiones
912 2885 1019 2917 factas
1046 2895 1103 2926 per
1137 2886 1232 2927 ipsas
1258 2885 1462 2917 reverendas
1497 2884 1666 2916 Moniales
1699 2884 1740 2915 de
1773 2883 1864 2915 dicto
1898 2882 2102 2914 monasterio

274 2950 391 2978 sancte
430 2946 592 2979 Mustiole
627 2947 869 2985 laudaverunt,
901 2948 1178 2988 approbaverunt
1214 2950 1245 2979 et
1277 2947 1563 2979 confirmaverunt
1594 2948 1625 2977 et
1659 2945 1814 2983 laudant,
1848 2944 2041 2986 approbant
2073 2945 2104 2975 et
