2305 3407
1901 162 1940 199 21.

129 297 234 328 sancti
262 295 441 337 Augustini
468 294 571 336 Papie
598 294 719 326 furtive
745 297 777 326 et
801 295 886 327 clam
912 296 1133 335 exportarunt
1158 297 1247 326 certa
1272 304 1413 335 corpora
1444 293 1641 327 Sanctorum
1668 305 1709 327 ex
1737 299 1768 328 et
1794 297 1834 328 de
1860 306 1944 337 quo-

130 359 207 390 dam
234 367 328 390 muro
354 359 385 390 in
412 359 485 399 ipsa
511 357 667 395 ecclesia,
693 358 784 397 quod
811 358 874 389 nisi
901 357 1119 398 provideatur
1154 356 1299 389 fortasse
1342 357 1439 388 cedet
1475 357 1675 389 detrimento
1701 360 1732 389 et
1758 359 1876 390 iniuria
1914 361 1944 390 et

131 421 294 452 dictorum
321 419 569 453 Canonicorum
596 421 627 450 et
653 417 832 450 Civitatis:
859 418 934 456 Qua
959 419 1074 450 audita
1099 419 1255 450 ordinant
1281 419 1372 459 quod
1399 428 1458 459 per
1483 419 1621 450 alterum
1657 429 1699 451 ex
1737 419 1945 452 Cancelariis

130 481 356 515 Comunitatis
381 484 412 514 et
438 490 539 513 unum
566 490 608 513 ex
636 481 774 512 notariis
800 480 901 513 Curie
934 482 1143 522 episcopalis
1169 482 1225 513 fiat
1252 482 1474 513 inventarium
1513 482 1663 522 ipsorum
1701 492 1879 523 corporum
1916 486 1946 515 et

132 546 345 586 reliquiarum
372 554 436 585 que
462 544 585 576 exinde
612 546 816 584 reponantur
841 545 871 575 in
900 545 972 575 loco
998 546 1069 575 tuto
1094 546 1125 575 et
1151 545 1181 575 in
1209 544 1344 575 modum
1372 545 1462 584 quod
1489 544 1580 576 fraus
1598 545 1723 576 comitti
1744 554 1807 576 11011
1828 546 1947 585 possit,

131 609 239 640 donec
266 610 470 648 reponantur
496 607 546 638 vel
575 607 629 638 ubi
657 607 755 638 solita
782 609 859 638 sunt
886 608 1013 647 reponi,
1040 607 1091 638 vel
1119 607 1149 638 in
1176 607 1243 638 alio
1269 606 1341 638 loco
1367 607 1510 647 digniori
1538 609 1635 647 prout
1661 607 1881 639 ordinabitur.

222 723 314 761 1504,
341 723 394 754 die
420 723 462 753 24
488 722 582 760 1111111,
621 723 701 754 hora
740 723 917 754 Avemarie
944 723 984 754 de
1011 731 1097 760 sero,
1125 723 1154 753 in
1182 722 1336 754 sacristia
1373 722 1514 754 ecclesie
1552 723 1658 754 sancti
1687 722 1877 762 Augustini,
1915 725 1945 755 et

131 786 388 827 quamplurimis
415 786 601 817 luminariis
626 786 792 817 accensis.

218 847 410 888 Descriptio
437 849 468 879 et
494 848 643 879 inventio
669 847 756 878 facta
782 848 823 879 de
850 848 988 879 ossibus
1014 848 1184 888 quondam
1204 836 1290 878 beati
1308 846 1429 883 David,
1445 848 1604 878 heremite
1625 847 1724 885 beati,
1744 848 1901 887 repositis
1919 850 1951 879 et

128 910 253 942 clausis
279 910 310 940 in
337 910 483 950 quadam
510 912 648 949 capseta
675 909 784 949 lignea
810 912 947 950 coperta
966 919 1065 941 coreo
1084 910 1190 950 nigro,
1210 909 1313 941 terata
1330 910 1454 941 circum
1474 910 1597 947 circha,
1617 910 1647 940 in
1667 918 1732 949 qua
1752 918 1854 949 capsa
1874 911 1951 941 sunt

128 982 228 1013 quam
255 972 357 1004 multa
383 974 415 1003 et
442 972 544 1003 multa
570 981 661 1009 ossa,
689 981 753 1012 que
780 973 998 1003 estimacione
1024 973 1158 1004 comuni
1197 974 1274 1003 sunt
1310 980 1390 1003 ossa
1427 972 1579 1012 corporis
1607 972 1693 1003 beati
1722 971 1823 1004 Davit
1857 973 1950 1004 here-

129 1036 206 1067 mite
223 1033 284 1075 (i).
312 1035 388 1066 Item
415 1037 445 1066 et
472 1035 690 1075 quamplures
716 1035 803 1075 petie
831 1035 903 1066 lane
929 1043 1048 1075 grosse
1075 1035 1166 1075 nigre
1192 1035 1338 1075 desuper
1364 1035 1448 1075 ipsis
1474 1035 1623 1066 ossibus.

218 1097 294 1129 Item
322 1100 353 1129 et
381 1099 410 1128 in
440 1098 586 1137 quadam
614 1098 678 1128 alia
704 1100 841 1138 capseta
868 1098 990 1138 lignea,
1017 1098 1171 1138 deposite
1198 1099 1275 1129 sunt
1301 1098 1459 1138 pulveres
1485 1100 1648 1129 certorum
1675 1100 1890 1135 sanctorum,
1918 1101 1951 1129 ut

129 1160 317 1191 habuerunt
343 1160 385 1191 ab
411 1160 582 1200 aliquibus
600 1169 640 1191 ex
661 1159 856 1196 Canonicis,
876 1160 1032 1191 videlicet
1062 1162 1252 1191 sanctorum
1285 1159 1384 1190 Primi
1416 1162 1446 1191 et
1477 1159 1634 1191 Feliciani
1665 1159 1813 1198 fratrum,
1843 1161 1949 1192 sancti

129 1221 269 1259 Thome,
297 1223 373 1254 item
399 1224 429 1253 et
455 1222 600 1262 quedam
628 1222 769 1253 mamela
795 1223 867 1253 sive
894 1223 1012 1259 tetina,
1041 1224 1074 1253 ut
1099 1222 1230 1253 dicitur.
1258 1222 1355 1253 beate
1381 1224 1411 1253 et
1437 1222 1583 1263 gloriose
1611 1222 1717 1253 Marie
1737 1222 1950 1263 Magdalene,

129 1293 194 1324 que
221 1285 330 1315 omnin
357 1285 556 1323 consignata
582 1284 715 1315 fuerunt
741 1284 925 1315 reverendo
951 1284 1089 1315 domino
1116 1285 1275 1324 magistro
1313 1282 1450 1315 Gabriel
1481 1284 1521 1314 de
1548 1283 1653 1324 Papia
1667 1284 1745 1315 dicti
1764 1286 1952 1316 conventus

131 1347 243 1387 priori,
270 1348 324 1387 qui
353 1347 511 1387 promitit,
538 1349 599 1378 etc.
625 1349 655 1378 et
681 1356 718 1378 ea
746 1356 917 1387 reponere,
944 1349 1004 1377 etc.

219 1409 361 1440 Testes:
389 1408 428 1440 D.
456 1409 652 1440 Leonardus
679 1409 718 1439 de
746 1408 862 1440 Valide
889 1409 1040 1440 sindicus
1067 1407 1230 1440 Cornunis
1258 1407 1371 1449 Papie,
1399 1408 1437 1439 D.
1464 1407 1647 1440 Odoardus
1673 1409 1713 1440 de
1732 1409 1845 1441 Tortis
1862 1409 1951 1440 tilius

128 1471 301 1511 quondam
329 1470 367 1502 D.
396 1470 542 1507 Antonii,
570 1470 609 1502 D.
637 1471 803 1501 lohannes
829 1471 869 1502 de
896 1469 1016 1502 Strada
1043 1471 1132 1502 tilius
1159 1471 1329 1510 quondam
1357 1470 1396 1502 D.
1424 1470 1601 1502 Francisci.

217 1533 304 1564 Hora
332 1534 573 1573 suprascripta.
589 1532 719 1564 Deinde
734 1542 876 1564 accesso
893 1533 965 1564 loco
981 1533 1011 1563 in
1028 1542 1096 1572 quo
1111 1534 1257 1573 reposite
1272 1535 1364 1564 erant
1380 1533 1451 1573 ipse
1466 1533 1616 1573 reliquie,
1632 1534 1788 1565 videlicet
1806 1534 1952 1574 desuper

129 1595 275 1627 hostium
302 1604 359 1635 per
385 1596 476 1635 quod
503 1596 566 1626 itur
591 1596 633 1626 ab
660 1595 803 1626 ccclesia
831 1604 951 1635 magna
978 1596 1008 1626 in
1036 1596 1207 1633 sacrestia,
1227 1597 1258 1626 et
1276 1604 1378 1635 super
1399 1596 1508 1635 ipsum
1529 1596 1674 1627 hostium
1693 1596 1778 1627 alias
1797 1596 1951 1627 solebant

128 1658 243 1698 reponi
271 1667 397 1698 organa
423 1658 509 1689 dicte
536 1658 698 1689 ecclesie:
726 1658 769 1689 ibi
797 1659 960 1698 reperitur
986 1658 1158 1697 quoddam
1177 1658 1342 1697 quadrum
1369 1658 1400 1688 in
1427 1658 1503 1698 ipso
1530 1667 1634 1689 muro.
1661 1657 1692 1689 In
1721 1658 1795 1698 ipso
1822 1658 1951 1698 quadro

127 1721 251 1761 scripta
277 1722 355 1751 sunt
382 1721 441 1752 hec
469 1721 581 1756 verba,
609 1721 788 1752 videlicet:
815 1720 927 1752 David
951 1721 1105 1751 ci‘tzeres...
1132 1722 1162 1751 et
1188 1720 1316 1760 reliqua
1343 1720 1445 1751 verba
1460 1729 1525 1751 non
1542 1722 1721 1760 potuerunt
1740 1722 1877 1761 propter
1894 1730 1953 1752 an-

127 1783 315 1823 tiquitatem
343 1783 416 1824 legi.
444 1783 483 1814 Et
508 1783 655 1823 desuper
681 1784 792 1823 ipsum
829 1783 1006 1823 quadrum,
1040 1783 1071 1813 in
1099 1792 1166 1822 quo
1205 1783 1277 1823 ipse
1314 1783 1454 1823 reliquie
1493 1783 1668 1821 iacebant,
1706 1783 1838 1824 depicta
1875 1787 1953 1815 sunt

128 1845 279 1885 quinque
304 1854 447 1885 corpora
473 1843 683 1883 Sanctorum,
711 1846 853 1885 primum
881 1845 1039 1877 videlicet
1080 1845 1245 1877 deversus
1270 1854 1395 1886 corpus
1428 1846 1534 1876 sancti
1572 1845 1765 1876 Limbrandi
1798 1846 1886 1886 regis
1922 1848 1953 1877 et

127 1908 234 1938 sancti
254 1905 404 1939 Severini
421 1908 509 1938 nulle
527 1907 632 1939 littere
651 1910 830 1948 potuerunt
849 1908 953 1938 videri
973 1909 1110 1948 propter
1127 1908 1371 1948 antiquitatem.
1391 1906 1584 1939 Secundum
1605 1908 1751 1939 habebat
1769 1909 1947 1948 scriptum:

130 1968 271 2001 Sanctus
302 1969 467 2007 Thomas,
494 1970 631 2001 tercium
658 1979 738 2001 vero
766 1970 912 2001 habebat
938 1970 1121 2010 scriptum:
1160 1969 1284 2002 Sancta
1317 1969 1426 2001 Maria
1451 1969 1674 2009 Magdalena,
1701 1972 1854 2009 quartum
1893 1971 1951 2001 ha-

129 2031 229 2062 bebat
256 2032 444 2072 scriptum:
469 2031 611 2064 Sanctus
636 2031 774 2068 Primus,
803 2033 955 2072 quintum
995 2032 1141 2063 habebat
1166 2032 1349 2072 scriptum:
1388 2031 1530 2063 Sanctus
1562 2031 1759 2063 Felicianus.
1798 2032 1847 2063 Ex
1886 2033 1950 2064 hiis

130 2103 210 2125 vero
236 2095 412 2134 scripturis
438 2096 469 2126 et
495 2095 677 2135 sculpturis
703 2095 775 2126 sive
801 2095 950 2135 picturis,
977 2096 1175 2134 presumunt
1202 2094 1333 2125 Fratres
1359 2092 1470 2125 Sancti
1490 2093 1669 2134 Augustini
1689 2102 1764 2125 esse
1783 2095 1949 2134 pulveres,

131 2164 210 2187 ossa
236 2158 267 2187 et
293 2157 428 2187 tetinam
455 2157 761 2197 suprascriptorum
799 2159 992 2188 sanctorum
1019 2159 1050 2188 et
1075 2158 1277 2194 sanctarum,
1304 2158 1334 2187 et
1359 2156 1462 2196 aliqui
1489 2164 1530 2186 ex
1557 2154 1740 2188 Canonicis
1755 2157 1861 2187 sancti
1888 2161 1950 2187 Au-

130 2218 255 2258 gustini
293 2218 450 2249 dixerunt
488 2218 610 2249 habere
636 2219 821 2259 scripturas
847 2219 1005 2258 antiquas
1030 2218 1186 2249 fatientes
1212 2218 1414 2248 mentionem
1441 2218 1482 2248 de
1508 2218 1598 2248 dicto
1626 2218 1699 2249 loco
1725 2226 1762 2249 ac
1788 2218 1829 2249 de
1847 2218 1946 2250 dictis

130 2279 282 2319 reliquiis
309 2280 472 2311 dictorum
514 2282 716 2312 sanctorum.
744 2280 782 2311 Et
807 2281 855 2311 sic
881 2281 1085 2321 presumitur
1115 2289 1173 2320 per
1198 2289 1236 2311 ea
1263 2289 1328 2320 que
1367 2280 1523 2311 viderunt
1548 2282 1578 2311 et
1608 2280 1759 2320 legerunt
1795 2289 1871 2312 esse
1906 2281 1951 2312 ci-

130 2350 226 2373 neres
263 2344 293 2373 et
332 2342 489 2382 pulveres
526 2351 629 2383 supra
656 2343 854 2382 scriptorum
893 2345 1084 2374 sanctorum
1123 2342 1253 2373 Thome
1280 2344 1311 2373 et
1338 2341 1437 2373 Primi
1472 2344 1502 2373 et
1529 2342 1686 2374 Feliciani
1724 2342 1873 2379 fratrum,
1910 2352 1948 2374 ac

131 2404 319 2435 mamellam
357 2404 523 2444 gloriosse
561 2406 676 2436 sancte
704 2404 809 2436 Marie
836 2405 1050 2445 Magdalene.
1078 2404 1155 2436 ltem
1182 2406 1213 2436 et
1238 2413 1319 2436 ossa
1347 2404 1434 2436 beati
1461 2403 1563 2436 Davit
1589 2405 1756 2437 heremite.
1795 2405 1834 2436 Et
1860 2406 1949 2443 inde,

128 2467 190 2497 etc.
217 2466 432 2506 presentibus
459 2467 604 2498 testibus
634 2467 889 2507 suprascriptis.

183 2623 213 2642 (1)
229 2622 271 2643 Per
287 2622 309 2644 S.
327 2622 395 2643 Davit
412 2623 520 2648 Eremita,
537 2623 587 2644 vcdi
606 2623 722 2649 TORELM,
747 2624 791 2644 vol.
816 2623 862 2648 Vll,
880 2629 932 2649 pag.
956 2623 1002 2644 553.
1059 2623 1127 2649 siglio
1143 2623 1179 2644 del
1195 2623 1321 2644 canonista
1340 2623 1417 2644 Pietro
1434 2623 1541 2644 Barlolini
1553 2624 1581 2644 da
1593 2624 1651 2645 Forli
1665 2623 1818 2645 Procuratore
1830 2624 1865 2645 del
1877 2624 1944 2646 Com-

131 2665 188 2692 Oggi
204 2668 289 2692 questo
303 2672 394 2692 gruppo
405 2667 427 2687 di
440 2667 542 2693 93110111(-
553 2668 571 2688 si
585 2669 650 2688 trova
662 2668 696 2688 nel
708 2667 814 2688 Sacrario
826 2667 847 2688 111
859 2667 1005 2692 Vescovado,
1063 2667 1215 2692 mendatario,
1232 2673 1243 2688 e
1258 2673 1301 2688 con
1318 2668 1395 2694 quello
1411 2668 1470 2693 degli
1488 2668 1611 2689 Eremitani
1629 2674 1640 2689 e
1656 2668 1691 2689 dei
1708 2668 1827 2693 Canonici,
1843 2669 1942 2695 dispone

132 2712 212 2731 tranne
228 2711 302 2737 quelle
318 2711 339 2732 di
355 2711 378 2732 S.
396 2711 491 2737 Dav-ide,
508 2712 549 2732 che
565 2712 600 2732 nel
618 2712 667 2733 ¹004
689 2712 772 2733 turono
788 2712 817 2733 da
833 2713 910 2732 Mons.
934 2711 1006 2733 Ciceri
1063 2712 1104 2732 che
1120 2712 1140 2733 le
1158 2712 1260 2738 Reliquie
1277 2712 1312 2733 dei
1329 2712 1418 2734 Martiri
1435 2713 1499 2733 sienu
1515 2713 1629 2734 collocate
1644 2714 1666 2734 in
1682 2713 1703 2734 S.
1722 2713 1799 2735 Pietro
1821 2714 1859 2734 all'
1870 2715 1942 2735 altare

131 2755 264 2781 depositam
286 2755 457 2777 nell'Orntorio
479 2756 538 2781 degli
565 2756 706 2781 Artigianelli
730 2757 751 2777 111
775 2756 853 2777 Pavia.
871 2756 895 2777 Ai
918 2757 943 2777 27
965 2758 1011 2777 set·
1066 2757 1087 2777 di
1105 2756 1127 2777 S.
1144 2757 1279 2783 Toxumaso,
1295 2757 1355 2778 dalla
1372 2759 1437 2783 parte
1453 2757 1512 2783 degli
1530 2758 1668 2783 Eremitani;
1692 2758 1711 2778 lc
1728 2758 1830 2784 Reliquie
1853 2759 1874 2779 di
1897 2758 1941 2780 San

132 2800 220 2821 tembre
237 2801 294 2826 1504,
310 2806 352 2821 con
368 2802 418 2821 atto
434 2802 516 2826 rogato
532 2801 560 2822 da
581 2801 638 2822 Gian
662 2801 777 2827 Agostino
799 2801 909 2822 Morasco
931 2801 1008 2822 (Α1ε11.
1065 2801 1140 2822 David
1155 2801 1193 2822 all*
1208 2802 1282 2822 altare
1298 2801 1319 2822 di
1335 2801 1358 2823 S.
1376 2802 1454 2823 Nicola
1477 2802 1505 2822 da
1530 2802 1653 2825 Tolentino
1678 2802 1737 2823 dalla
1760 2804 1836 2824 stessa
1859 2805 1941 2828 parte;

133 2843 223 2867 Notar.)
241 2845 254 2865 il
271 2845 434 2866 protonotario
455 2845 581 2866 Domcnico
598 2846 687 2871 Lovati,
699 2846 812 2867 Prevosto
828 2846 849 2866 di
865 2845 888 2867 S.
905 2846 979 2867 Maria
990 2846 1011 2867 in
1067 2846 1142 2871 quelle
1158 2846 1179 2867 di
1196 2846 1218 2867 S.
1235 2846 1309 2867 Maria
1325 2846 1465 2867 Maddalena
1481 2847 1502 2867 in
1519 2853 1548 2867 un
1563 2847 1636 2868 altare
1658 2847 1686 2867 da
1708 2848 1829 2868 costruirsi
1845 2853 1857 2868 a
1873 2853 1941 2873 spese

134 2887 223 2909 Periica
238 2889 260 2909 di
276 2888 354 2915 Pavia,
371 2889 483 2915 Delegato
499 2889 535 2911 del
551 2889 619 2911 eard.
637 2890 737 2912 Rattaele
760 2890 836 2912 Riario
859 2890 1011 2912 Commenda-
1065 2890 1125 2916 degli
1142 2891 1266 2912 Eremitani
1283 2892 1317 2912 tra
1334 2891 1411 2917 quello
1427 2891 1448 2912 di
1464 2890 1487 2912 S.
1504 2891 1583 2912 Nicola
1598 2897 1610 2912 e
1626 2891 1709 2912 l'altro
1724 2892 1799 2912 vicino
1814 2892 1858 2912 alla
1874 2893 1941 2918 porta

133 2932 192 2954 tario
207 2932 229 2953 di
245 2932 267 2954 S.
284 2933 361 2954 Pietro
377 2934 398 2954 in
414 2933 461 2955 Ciel
477 2933 499 2955 d'
509 2940 558 2960 oro,
574 2940 586 2955 a
602 2935 699 2961 togliere
715 2935 768 2961 ogni
783 2935 1011 2961 dissenso,c01con-
1065 2935 1124 2956 della
1141 2934 1233 2961 chiesa,
1248 2935 1323 2956 duv'e
1339 2935 1485 2961 1'immagine
1501 2935 1560 2956 della
1576 2935 1701 2957 Madonna.
