2305 3407
291 191 329 223 16

1061 397 1337 438 DCLXIX.

375 517 402 545 11
430 517 608 545 Convento
633 517 669 545 di
696 517 731 545 S.
758 516 931 552 Agostino
957 516 1075 544 riceve
1101 515 1125 543 il
1150 519 1362 551 pagamento
1387 514 1442 542 del
1469 514 1585 550 legato
1611 513 1645 542 di
1671 513 1806 541 Bianca
1831 512 1866 540 di
1893 511 2036 540 Savoia.

924 638 1078 668 1:504,
1110 643 1309 669 ge1111z1
1315 637 1385 667 io,
1417 637 1469 661 δ.

796 736 872 760 (Arcu.
891 737 970 757 Notar⁴
987 736 1009 756 di
1027 735 1104 756 Pavia.
1120 746 1146 749 -—
1161 735 1210 756 Atti
1226 734 1248 755 di
1264 734 1322 755 Gian
1338 733 1452 759 Agostino
1468 733 1595 755 Morasco).

391 932 439 1047 I
536 949 558 975 Ν
583 944 727 975 ecclesia
754 945 869 975 sancte
896 942 1003 974 Marie
1029 942 1070 973 de
1097 942 1297 977 Ianunciata,
1317 943 1432 972 sancte
1451 939 1550 973 Clare
1569 944 1762 981 nuncupata
1780 943 1811 972 et
1829 941 1870 972 ad
1891 941 2107 982 parlatorium

302 989 305 1006 λ
557 1006 759 1046 infrascripti
787 1005 1023 1036 monasterii....
1051 1004 1270 1049 Reverendus
1288 1012 1381 1036 sacre
1399 1003 1567 1044 theologie
1586 1003 1759 1044 professor
1776 1004 1934 1035 dominus
1953 1005 2111 1045 magister

414 1106 425 1107 ἶ
485 1063 529 1107 m}
557 1068 693 1101 Gabriel
720 1068 760 1099 de
787 1067 904 1108 Papia,
931 1066 1025 1098 Prior
1051 1067 1244 1098 monasterii
1287 1067 1394 1098 sancti
1422 1066 1601 1107 Augustini
1629 1067 1816 1106 papiensis,
1842 1065 1981 1098 Ordinis
2007 1066 2110 1099 Here-

291 1133 442 1163 nutarunt
470 1135 500 1163 et
525 1140 599 1162 cum
627 1131 702 1171 ipso
728 1130 826 1161 etiarn
855 1129 1059 1160 reverendus
1085 1137 1181 1160 sacre
1207 1129 1329 1169 pagine
1356 1128 1529 1169 professor
1555 1129 1713 1160 dominus
1751 1129 1909 1169 magister
1946 1128 2110 1160 Iohannes

289 1194 521 1226 Hei-tolaincus
547 1194 587 1224 dc
614 1192 799 1225 Castelatio
837 1192 989 1223 sindicus
1016 1194 1046 1223 et
1073 1194 1313 1232 procuraton...
1352 1191 1430 1222 dicti
1470 1192 1674 1223 monasterii.
1713 1192 1862 1222 ric-evono
1888 1191 1978 1222 cirilla
2003 1191 2111 1223 nobile

286 1265 366 1288 Sllor
387 1256 555 1288 Amulu'llu
583 1255 741 1288 Cczmzza
767 1254 854 1286 della
880 1254 1063 1293 Somaglr'a‚
1090 1253 1280 1285 abbadessa
1298 1254 1352 1285 ciel
1367 1256 1553 1285 monastero
1568 1254 1603 1285 cli
1616 1252 1648 1286 S.
1664 1254 1771 1285 Maria
1785 1254 2004 1290 Annunziata,
2024 1253 2111 1285 detto

286 1319 320 1350 di
345 1317 378 1351 S.
407 1318 539 1353 Chium,
567 1318 709 1349 ducatos
736 1317 1018 1358 trigintaquatuor
1044 1319 1075 1347 et
1100 1317 1218 1347 tertios
1244 1316 1333 1347 duos
1358 1316 1475 1348 auri....
1502 1325 1562 1356 pro
1589 1316 1688 1356 plena
1714 1318 1745 1347 et
1771 1316 1898 1357 integra
1925 1318 1955 1347 et
1974 1316 2111 1347 restanti

287 1381 500 1412 solutione...
528 1381 724 1412 ducatorum
752 1379 1153 1420 quinquagintaquinque
1179 1379 1251 1410 auri
1279 1388 1336 1419 per
1362 1380 1473 1420 ipsum
1500 1379 1741 1410 monasterium
1757 1381 1871 1410 sancte
1897 1377 1995 1410 Clare
2020 1379 2110 1410 dicto

288 1444 492 1474 monasterio
519 1444 625 1474 sancti
653 1442 833 1483 Augustini
862 1441 965 1482 Papie
991 1441 1181 1473 debitorum
1208 1450 1310 1482 super
1337 1442 1459 1482 pagliis
1485 1442 1591 1472 martii
1618 1444 1649 1472 et
1674 1441 1879 1482 septembris
1904 1441 1981 1472 anni
2008 1441 2113 1472 milie-

287 1507 361 1537 simi
389 1506 674 1546 quatricentesimi
701 1505 963 1546 septuagessimi
1001 1505 1099 1542 tertii,
1127 1505 1252 1536 habitis
1277 1507 1309 1535 et
1334 1505 1465 1536 exactis
1491 1513 1548 1545 per
1575 1505 1685 1545 ipsum
1724 1504 1963 1536 monasterium
1998 1506 2112 1535 sancte

285 1566 384 1600 Clare
421 1576 481 1599 seu
519 1568 592 1599 eius
629 1568 764 1598 nomine
790 1575 808 1598 a
835 1565 1022 1598 Camera....
1061 1565 1313 1598 Dominationis
1350 1566 1565 1604 Venetorum,
1603 1567 1725 1598 virtute
1762 1567 1997 1598 testamenti...
2024 1575 2111 1597 nunc

288 1630 461 1671 quondam
499 1630 640 1662 illustris
677 1630 812 1661 domine
850 1629 1000 1661 Blanche
1038 1629 1079 1661 de
1117 1627 1290 1661 Sabaudia
1295 1654 1358 1660 ......
1396 1631 1427 1661 et
1465 1630 1496 1660 in
1534 1629 1763 1670 exequutione
1788 1629 2054 1660 transactionum
2081 1631 2112 1660 et

288 1695 508 1733 pactorum...
534 1693 612 1724 anni
639 1690 981 1725 MCCCCLXXXXII
1009 1692 1062 1723 die
1088 1691 1203 1723 XXIIII
1231 1692 1345 1723 marcii
1367 1689 1429 1731 (1).

1074 1893 1323 1934 DCLXX.

378 2012 405 2039 11
432 2012 610 2048 Consiglio
636 2013 670 2040 di
697 2013 932 2041 Provvisione
958 2013 1074 2041 rifiuta
1101 2013 1136 2041 di
1162 2012 1314 2041 favorire
1340 2012 1361 2040 l'
1379 2012 1542 2048 ingresso
1568 2011 1623 2040 dei
1643 2010 1810 2040 Canonici
1844 2009 2054 2039 Lateranesi
2079 2010 2114 2038 In

291 2066 326 2094 S.
356 2066 474 2094 Pietro
501 2066 534 2094 in
561 2067 635 2095 Ciel
661 2066 694 2094 d'
711 2075 787 2095 oro.

911 2171 1067 2202 1504,
1099 2171 1320 2203 ge1111zti
1327 2178 1375 2196 ο.
1407 2171 1498 2195 22.

727 2270 803 2290 *Arcti
821 2269 905 2290 Museo
921 2269 1000 2290 Civico
1016 2269 1037 2289 di
1055 2269 1133 2290 Pax-ia.
1152 2281 1174 2283 —
1191 2269 1278 2294 Regist.
1296 2269 1384 2290 Provis.
1401 2269 1453 2290 :inni
1472 2268 1529 2294 1504,
1546 2268 1584 2289 fol.
1601 2268 1614 2289 6
1629 2274 1640 2288 e
1655 2268 1684 2289 7).

545 2475 617 2501 Dlv.
644 2470 697 2501 die
724 2468 810 2509 XXIJ
839 2468 992 2501 Ianuarii.
1019 2468 1050 2499 in
1078 2468 1241 2508 vesperis.

354 2462 497 2577 M
656 2534 858 2567 Convocato
884 2531 1070 2570 Conseilm,
1097 2535 1158 2563 etc.

532 2635 535 2636 ⁷
657 2598 734 2629 Item
760 2597 874 2628 audita
901 2596 1120 2636 requisitione
1148 2594 1270 2625 ibidem
1291 2593 1378 2624 facta
1398 2601 1456 2632 per
1474 2590 1684 2622 venerabiles
1711 2590 1802 2620 viros
1828 2589 1985 2619 dominos
2011 2586 2122 2619 Cano-

299 2663 392 2693 nicos
419 2663 523 2693 sancti
563 2662 762 2701 Epiphaney
803 2659 988 2699 papiensis,
1016 2657 1255 2697 requirentium
1293 2658 1400 2687 certas
1439 2654 1565 2685 litteras
1602 2652 1701 2684 scribi
1729 2651 1850 2683 debere
1877 2651 1907 2681 in
1934 2659 2048 2681 eorum
2074 2649 2122 2680 fa-

302 2734 414 2756 vorem
442 2734 501 2764 pro
528 2723 732 2754 monasterio
758 2723 862 2753 saneti
892 2720 977 2752 I’etri
1006 2721 1036 2751 in
1063 2719 1146 2752 Celo
1173 2718 1284 2750 Aureo
1312 2717 1490 2755 itabend03
1517 2719 1547 2747 et
1573 2724 1614 2746 ex
1641 2715 1786 2746 adverso
1820 2713 1945 2744 auditis
1975 2712 2122 2743 dominis

360 2902 389 2923 (Ii
406 2900 461 2920 Vcdi
478 2900 522 2919 volv
540 2899 565 2923 II,
583 2904 634 2923 pag
650 2898 696 2921 305,
708 2897 754 2917 307,
769 2897 876 2917 Notiamo
888 2896 959 2916 ancile
971 2896 1011 2916 cite
1023 2895 1042 2914 :ii
1058 2895 1079 2914 17
1091 2894 1184 2914 ottobre
1241 2892 1354 2918 Agostino
1371 2897 1410 2917 per
1427 2891 1439 2911 il
1456 2891 1533 2916 legato
1549 2890 1570 2910 di
1588 2890 1671 2910 Bianca
1688 2889 1708 2909 di
1725 2888 1817 2910 Samia.

308 2945 343 2965 del
361 2944 411 2965 15oc,
425 2944 484 2964 trare
507 2943 656 2964 Bartoiomeo
671 2942 700 2962 da
716 2941 864 2962 Casteiiazzo
881 2940 1034 2961 I'rocuratore
1054 2939 1075 2958 di
1092 2938 1114 2958 S.
1128 2938 1187 2962 Ago>
1296 2936 1419 2956 Pariuicnti
1436 2935 1470 2956 nel
1489 2936 1551 2959 1508,
1567 2940 1609 2955 con
1625 2936 1676 2954 atto
1699 2935 1781 2959 rogato
1803 2933 1831 2953 da
1855 2933 1912 2953 (ji-‘in
1936 2932 2048 2957 Agostino
2071 2931 2120 2952 Mo-

309 2990 377 3010 stIno,
395 2994 437 3009 con
453 2990 503 3008 atto
519 2989 601 3012 rogato
617 2986 645 3006 da
661 2986 718 3006 Gian
734 2985 829 3006 Alberto
845 2984 963 3007 morasca,
979 2983 1054 3003 rIceve
1065 2982 1124 3002 dalic
1136 2982 1185 3002 Mo-
1241 2986 1308 3001 rusco
1323 2981 1367 3006 :1in
1386 2981 1405 3000 ΙΙ
1424 2980 1445 3000 di
1461 2980 1541 3005 aprile,
1558 2979 1579 2999 Io
1595 2980 1673 2999 stesso
1690 2978 1844 2999 Procuratore
1860 2978 1934 2998 rien-e
1946 2977 1974 2997 da
1985 2976 2044 2998 Suor
2055 2976 2121 2997 Ama-

310 3034 381 3054 nactic
397 3033 418 3053 di
435 3032 457 3053 S.
474 3032 556 3053 chiara
571 3032 598 3052 55
613 3031 690 3051 ducati
704 3036 747 3056 pro
767 3030 838 3055 plenu
855 3031 876 3049 et
892 3029 985 3053 integra
1008 3028 1128 3048 solucione
1148 3032 1189 3052 pu-
1245 3026 1297 3046 bilia
1314 3025 1419 3046 Cavnzza
1436 3025 1494 3045 della
1511 3023 1636 3049 Somagiia.
1651 3023 1783 3044 abbadessa
1796 3023 1817 3043 di
1829 3022 1851 3043 S.
1864 3022 1955 3047 Chiam,
1967 3021 2044 3042 ducati
2055 3021 2121 3041 d'orn

309 3078 408 3104 gnarum
425 3077 506 3097 martii
522 3078 544 3097 c!
560 3075 699 3101 septembris
715 3075 772 3095 anni
788 3072 999 3095 MCCCCLXXJV.
1015 3072 1102 3091 dovute
1118 3077 1129 3091 n
1142 3070 1186 3091 Suu
1243 3071 1267 3090 27
1284 3076 1295 3090 c
1312 3075 1392 3090 mezzo
1409 3074 1448 3094 per
1464 3069 1478 3089 iI
1495 3070 1634 3094 paganicum
1651 3067 1752 3093 parziate
1768 3067 1820 3087 deII'
1831 3072 1892 3087 anuo
1910 3066 1966 3087 1⁴75,
