2305 3407
1921 139 1984 172 267

932 339 1227 380 CMLXIV.

255 460 282 487 11
309 459 467 496 Capitolo
493 458 666 487 Generale
685 458 719 486 di
739 457 895 486 Venezia
914 465 982 485 non
1000 465 1155 493 approva
1174 457 1207 484 la
1226 457 1389 485 cessione
1416 457 1471 485 del
1498 462 1671 485 convento
1690 458 1724 485 di
1744 458 1778 486 S.
1799 458 1982 486 Mostiola.

772 588 928 619 1559,
960 588 1298 619 xnogg10000.
1331 587 1383 621 (1).

602 687 678 710 (Arcu.
696 687 731 707 del
749 686 833 707 Museo
849 686 929 707 Civico
945 686 966 706 di
983 688 1040 706 stor.
1057 686 1132 711 patria
1148 685 1169 705 di
1187 685 1264 706 Pavia.
1282 696 1305 698 —
1323 684 1397 706 Ῥέη-60
1413 685 1547 711 Religiosi).

242 890 348 1007 C
411 906 599 938 ONQUESTI
626 904 702 932 sunt
729 902 845 932 mirum
885 902 915 932 in
954 901 1089 932 modum
1129 900 1245 932 Patres
1283 901 1413 932 venetis
1439 910 1477 932 60
1494 901 1595 939 nitiis,
1623 901 1713 941 quod
1741 901 1809 932 iure
1836 902 1983 941 quodam

433 965 608 996 temerario
634 965 790 996 tentarint
818 964 978 1001 nonnulli,
1018 967 1050 994 ut
1088 962 1287 996 Conventus
1325 966 1438 995 noster
1464 962 1584 995 Sancte
1610 963 1784 995 Mustiolle
1810 965 1985 1004 papiensis

292 1063 390 1065 ἡ-
433 1027 561 1059 Montis
599 1026 721 1058 Oliveti
761 1027 970 1058 Monialibus
1008 1027 1217 1065 venderetur,
1255 1035 1329 1057 nam
1356 1035 1429 1057 cum
1461 1026 1608 1057 Fratrum
1636 1035 1794 1057 numerus
1820 1027 1984 1066 quottidie

165 1093 336 1131 augeatur,
375 1099 462 1121 nova
500 1091 613 1130 potius
650 1091 763 1121 essent
790 1090 820 1119 in
848 1089 920 1120 dies
958 1089 1107 1129 paranda
1146 1089 1359 1125 monasteria,
1398 1097 1497 1128 quam
1526 1090 1640 1128 parata
1668 1089 1857 1120 vendenda.
1884 1088 1983 1126 Quod

167 1155 200 1183 et
228 1153 410 1193 papienses
437 1151 575 1189 Patritii,
612 1152 775 1192 civesque
813 1151 857 1182 illi
897 1151 1047 1191 plerique
1074 1160 1191 1181 omnes
1229 1151 1328 1182 nobis
1359 1151 1497 1182 benefici
1526 1160 1694 1188 monuere,
1721 1152 1775 1191 qui
1803 1154 1833 1182 et
1858 1152 1900 1182 ad
1928 1161 1986 1182 no-

165 1218 269 1246 strum
296 1213 544 1245 Deffinitorium
582 1214 694 1245 literas
731 1213 895 1244 dederunt
934 1214 1017 1244 lianc
1055 1212 1121 1244 1616
1149 1213 1301 1244 iniuriam
1337 1213 1512 1244 nobiscum
1540 1213 1809 1253 expostulantes.
1836 1213 1985 1251 Quamo—

167 1277 258 1308 brem
284 1286 358 1308 cum
386 1276 545 1309 Revmus
571 1275 669 1307 Pater
696 1277 756 1306 1136
783 1276 822 1306 de
850 1285 882 1306 re
909 1284 1020 1306 coram
1047 1275 1206 1306 omnibus
1226 1275 1405 1312 retulisset,
1432 1276 1581 1306 omnium
1609 1275 1867 1316 suffragatorum
1895 1279 1984 1313 voto,

167 1340 297 1371 nemine
315 1339 451 1379 quidem
471 1340 694 1379 discrepante,
713 1338 910 1370 conclusum
934 1340 985 1370 est
1004 1338 1243 1370 monasterium
1263 1338 1343 1369 illud
1364 1337 1527 1379 Religioni
1549 1340 1661 1369 nostre
1680 1338 1748 1369 tore
1763 1339 1986 1376 retinendum,

165 1404 195 1433 et
221 1402 284 1433 13111
310 1401 484 1433 confectus
509 1401 724 1432 alienationis
749 1401 942 1432 contractus
961 1400 1086 1431 nullius
1112 1400 1154 1431 sit
1180 1400 1312 1431 roboris
1337 1402 1368 1430 et
1394 1400 1627 1431 rescindatur:
1655 1410 1719 1440 que
1746 1401 1923 1439 sententia,
1950 1405 1983 1432 ut

164 1465 296 1495 cunctis
321 1464 418 1495 facile
445 1464 700 1504 perspiceretur,
727 1472 862 1494 suarum
889 1473 911 1494 1γ
925 1472 1049 1493 3111111111
1076 1462 1368 1502 adscriptionibus
1395 1462 1426 1493 id
1454 1463 1564 1502 ipsum
1592 1462 1852 1494 confirmarunt:
1891 1472 1987 1494 revo-

164 1528 291 1564 cantes,
318 1535 384 1566 qua
409 1525 594 1566 funguntur
619 1525 827 1563 auctoritate,
865 1525 1052 1556 venditoris
1088 1522 1297 1564 (quicunque
1337 1522 1451 1563 1116111)
1476 1526 1543 1555 tum
1570 1524 1760 1562 consilium,
1786 1526 1854 1555 tum
1881 1524 1985 1556 facul-

164 1591 275 1626 tatem,
302 1590 336 1619 ut
362 1597 471 1628 neque
509 1588 617 1628 primo
642 1587 790 1618 omnium
829 1595 961 1618 summo
998 1585 1166 1624 Generali,
1204 1595 1313 1626 neque
1351 1585 1491 1618 Ordinis
1528 1585 1739 1617 procuratori
1766 1589 1823 1617 aut
1848 1587 1986 1619 alterius

162 1650 373 1682 demissioris
399 1649 530 1681 fortune
555 1648 656 1686 113111,
682 1649 828 1680 alienum
856 1648 937 1679 illud
963 1658 981 1680 a
1009 1648 1181 1689 Religione
1207 1650 1322 1679 nostra
1348 1648 1470 1679 fecisse
1497 1648 1638 1679 licuerit.

252 1712 323 1754 Ego
348 1711 449 1743 113161
473 1711 527 1743 1οῑ
555 1711 698 1743 lacobus
724 1710 834 1742 Draco
861 1712 1003 1742 venetus
1043 1710 1207 1742 diffinitor
1232 1711 1399 1751 provintie
1426 1712 1543 1742 venete
1569 1711 1646 1742 dico
1671 1712 1877 1742 contractum
1905 1719 1985 1742 ven-

164 1775 302 1806 ditionis
327 1772 360 1806 S.
386 1774 494 1806 Marie
530 1774 571 1805 de
608 1773 785 1805 Mustiolla
823 1773 1026 1804 moniliabus
1052 1772 1242 1804 confectum
1270 1773 1394 1804 nullius
1430 1781 1506 1804 esse
1544 1773 1682 1813 vigoris,
1713 1773 1836 1804 idcirco
1863 1773 1986 1804 rescin-

164 1838 311 1869 dendum
336 1837 423 1875 dien,
449 1839 481 1868 et
506 1835 719 1869 Conventum
747 1845 806 1876 pro
834 1835 1006 1876 Religione
1033 1836 1272 1876 augustiniana
1299 1836 1519 1867 retinendum.

255 1899 325 1940 Ego
351 1899 443 1940 Mag.
470 1898 682 1940 Augustinus
708 1898 796 1930 VietS
824 1898 1056 1938 prodeft‘initor
1082 1897 1254 1929 Provintie
1281 1897 1418 1929 Francie
1445 1898 1522 1929 dico
1548 1900 1753 1929 contractum
1780 1898 1987 1929 venditionis

166 1961 365 1995 Conventus
401 1960 434 1993 S.
472 1962 579 1993 Marie
616 1961 657 1992 de
694 1961 870 1992 Mustiolla
908 1970 973 1991 non
1013 1961 1081 1991 iure
1119 1959 1312 1992 confectum
1350 1968 1444 1997 esse,
1481 1962 1513 1991 et
1550 1960 1674 1991 idcirco
1715 1969 1832 1992 assero
1874 1961 1984 2000 ipsum

166 2024 437 2061 rescindendum,
463 2026 493 2055 et
519 2023 644 2055 dictum
671 2021 885 2055 Conventum
912 2032 972 2062 pro
998 2021 1181 2062 Religione,
1210 2024 1243 2053 ut
1269 2022 1432 2053 hactenus
1458 2021 1530 2059 fuit,
1556 2022 1840 2053 conservandum.

257 2085 301 2116 lta
327 2087 378 2116 est
403 2087 436 2116 ut
462 2093 577 2125 supra,
603 2084 640 2115 fr.
668 2083 891 2116 Sebastianus
917 2083 988 2114 AriS
1015 2083 1185 2115 deffinitor
1211 2082 1383 2115 Provintie
1409 2082 1587 2115 Colonien.

257 2147 328 2189 Ego
354 2147 390 2178 11.
418 2146 622 2178 Benedictus
647 2146 689 2178 de
716 2145 886 2177 Placentia
922 2145 1085 2177 diffinitos
1122 2144 1293 2176 Provintie
1331 2145 1542 2183 Lombardie,
1570 2148 1603 2177 ut
1639 2147 1832 2177 contractus
1866 2146 1987 2177 instru-

169 2213 315 2243 mentum
342 2212 458 2241 sancte
484 2209 659 2241 Mustiolle
686 2207 790 2249 papie
815 2208 998 2239 scindatur.

257 2273 328 2314 Ego
351 2272 389 2303 11.
416 2271 558 2312 Egidius
583 2270 798 2302 pisaurensis
823 2269 992 2302 deflinitor
1016 2271 1192 2302 consentio
1218 2271 1251 2301 ut
1277 2269 1451 2301 scindatur
1475 2269 1551 2301 talis
1577 2271 1780 2301 contractus.

257 2335 329 2376 Ego
365 2334 401 2365 fr.
439 2332 613 2366 Gerardus
650 2332 835 2364 Perusinus
872 2332 1033 2364 diffinitor
1069 2332 1236 2372 provintie
1272 2331 1448 2363 consentio
1486 2333 1520 2362 ut
1557 2331 1766 2363 rescindatur
1794 2332 1986 2363 contractus

170 2398 376 2430 venditionis
401 2395 601 2429 Conventus
626 2395 812 2427 Mustiolle.

258 2459 329 2501 Ego
354 2459 391 2490 11.
418 2458 562 2490 lacobus
588 2458 628 2489 de
654 2457 797 2489 Tarseta
834 2456 996 2488 diffinitor
1032 2455 1204 2488 Provintie
1244 2455 1401 2488 Calabrie
1427 2457 1604 2487 contentor
1629 2458 1663 2487 ut
1688 2456 1869 2487 retineatur
1894 2453 1987 2487 Con—

171 2524 292 2554 ventus
317 2521 490 2553 Mustiolle
515 2523 546 2552 et
571 2529 636 2551 non
662 2520 835 2551 alienetur.

259 2583 329 2625 Ego
354 2583 391 2615 11.
418 2582 618 2615 Adeodatus
643 2582 891 2622 Neapolitanus
916 2581 1077 2612 diffinitor
1117 2580 1218 2612 Terre
1245 2580 1385 2612 Laboris
1410 2580 1481 2611 dixi
1509 2582 1541 2611 ut
1568 2581 1742 2611 revocetur
1768 2580 1929 2618 venditi0‚
1955 2582 1986 2611 et

172 2655 232 2687 pro
257 2645 429 2687 Religione
454 2646 643 2677 retineatur.

260 2707 331 2748 Ego
355 2707 392 2739 fr.
419 2707 594 2739 Marianus
619 2707 660 2739 de
686 2705 792 2739 Cavis
816 2705 979 2737 diffinitor
997 2704 1167 2736 Provintie
1186 2703 1332 2737 Romane
1351 2704 1426 2735 dico
1444 2712 1504 2744 pro
1530 2705 1610 2735 voto
1636 2712 1710 2735 meo
1737 2706 1770 2735 ut
1795 2705 1986 2735 contractus

171 2769 279 2801 tactus
303 2769 345 2801 de
370 2767 549 2801 Conventu
576 2768 750 2800 Mustiolle
777 2768 997 2805 rescindatur,
1023 2768 1198 2798 revocetur
1222 2768 1253 2797 et
1279 2775 1339 2806 pro
1364 2765 1469 2797 nihilo
1496 2766 1668 2797 habeatur.

229 2978 260 3002 (1)
275 2979 304 3000 La
320 2979 375 3000 data
390 2979 411 2999 di
428 2980 513 3005 questo
528 2979 669 3000 documento
687 2979 826 3000 dev'essere
842 2979 905 3005 dopo
921 2979 934 2999 il
953 2979 976 2999 13
991 2983 1052 3004 niag-
1107 2982 1160 2998 sero
1184 2982 1196 2997 a
1220 2975 1299 2997 Priore
1321 2975 1433 2997 Generale
1457 2975 1516 2996 frate
1538 2974 1669 2996 Cristoloro
1692 2975 1719 2995 da
1745 2974 1847 2995 Padova.
1865 2973 1921 2994 Vcdi
1943 2973 1981 2994 Το-

178 3022 225 3049 gio,
240 3023 321 3049 giorno
337 3023 358 3044 in
372 3023 408 3044 cui
424 3023 430 3044 i
446 3023 514 3045 Padri
529 3024 566 3045 del
581 3024 684 3050 capitolo
700 3023 807 3050 generale
823 3023 844 3044 di
860 3023 961 3045 Venezia
977 3023 1054 3044 rieles-
1109 3022 1170 3047 relli,
1186 3021 1242 3047 Vlll,
1258 3020 1304 3041 40⁴),
