2305 3407
1946 146 2000 178 151

932 333 1271 375 DCCCXXV.

286 466 312 493 11
340 464 502 501 Capitolo
528 464 562 493 di
589 464 623 492 S.
650 462 824 499 Agostino
850 461 969 497 elegge
996 462 1018 489 il
1046 462 1277 490 Procuratore
1303 469 1320 488 e
1346 460 1458 488 vende
1495 468 1539 487 un
1576 463 1714 487 terreno
1740 467 1800 495 per
1826 458 2007 494 sopperire

200 519 232 547 ai
258 519 407 547 disastri
433 518 489 546 del
515 516 736 552 saecheggio.

781 628 942 659 1527,
976 629 1327 657 11‹)x⁷e1221)1·e,
1356 628 1430 651 12.

767 735 844 758 (Arcli.
862 735 933 755 Notur
958 735 978 755 di
996 735 1065 755 anin
1080 746 1104 748 —
1120 735 1167 755 Atti
1185 734 1206 754 di
1223 734 1324 754 Antonin
1339 733 1439 754 Clericii.

280 929 379 1044 R
446 946 629 973 ADUNATO
654 941 677 973 il
704 941 857 982 Capitolo
883 941 918 973 di
942 941 973 973 S.
1000 941 1172 981 Agostmo,
1201 941 1241 972 de
1267 941 1459 972 mandato...
1497 940 1671 972 reverendi
1709 940 1836 971 domini
1865 939 2013 980 magistri

468 1004 579 1035 fratris
606 1003 692 1035 Petri
719 1004 760 1036 de
786 1002 1001 1036 Castronovo
1029 1003 1187 1034 Prioris...
1214 1004 1245 1034 in
1261 1012 1328 1043 quo
1344 1003 1480 1043 quidem
1506 1001 1666 1043 Capitulo
1691 1002 1823 1033 fuerunt
1849 1011 1923 1033 cum
1942 1010 2015 1032 eo..

469 1067 629 1108 magister
654 1065 792 1098 Gabriel
820 1066 860 1097 de
889 1065 1004 1106 Papia,
1047 1065 1207 1106 magister
1232 1064 1351 1097 Petrus
1388 1066 1428 1097 de
1466 1064 1627 1103 Canellis,
1668 1065 1768 1096 frater
1794 1064 1950 1096 Aurelius
1976 1064 2017 1095 de

201 1127 332 1161 Candia
358 1130 460 1161 lector
485 1131 515 1161 et
542 1129 710 1169 subprior,
736 1129 835 1160 frater
862 1128 1007 1159 Micliael
1035 1127 1186 1168 Angelus
1212 1128 1253 1159 de
1281 1127 1396 1168 Papia,
1422 1128 1523 1159 frater
1548 1127 1759 1169 Augustinus
1784 1127 1825 1159 de
1845 1126 2016 1161 Picilione,

201 1191 303 1223 frater
328 1191 510 1232 Horplieus
535 1191 576 1223 de
602 1191 774 1229 Vercellis,
801 1191 900 1222 trater
926 1190 1089 1222 Marelius
1114 1190 1155 1221 de
1183 1190 1326 1227 Baroua,
1363 1190 1464 1221 frater
1501 1190 1695 1221 Ludovicus
1721 1190 1761 1221 de
1788 1189 1950 1221 Vercellis
1987 1191 2018 1220 et

200 1253 302 1285 frater
326 1253 490 1285 Nicolaus
515 1254 556 1284 de
583 1253 754 1291 Vercellis,
776 1253 835 1294 ριίὶ
860 1253 894 1284 cii
918 1253 979 1284 due
1004 1253 1085 1284 terzi
1108 1252 1162 1284 ciel
1188 1251 1350 1292 capitolo,
1376 1253 1406 1284 si
1429 1252 1590 1292 eleggono
1626 1252 1831 1292 procuratori
1865 1251 1919 1283 del
1942 1259 2018 1282 con-

203 1318 295 1347 vento
320 1316 344 1347 il
368 1315 480 1347 Priore
497 1315 586 1356 frate
612 1315 722 1347 Pietro
748 1315 791 1347 αἰι
819 1314 1050 1353 Castehruom,
1076 1324 1092 1346 e
1110 1314 1199 1355 frate
1224 1314 1387 1355 Agostz'no
1412 1314 1456 1346 da
1482 1314 1743 1354 Pizziglzettone.

293 1377 417 1418 Qm‘mli
441 1378 648 1409 considerato
674 1378 765 1418 quod
792 1378 855 1409 sub
881 1378 934 1409 die
960 1378 1211 1418 quintadecima
1248 1378 1374 1408 mensis
1412 1377 1561 1408 octobris
1602 1377 1755 1417 proxime
1793 1376 1950 1417 preteriti,
1975 1376 2020 1406 ci-

202 1441 290 1472 vitas
317 1439 420 1480 Papie
446 1439 543 1471 fuerit
569 1440 612 1471 ab
637 1440 786 1472 exercitu
824 1438 998 1471 Gallorum
1036 1441 1067 1471 et
1105 1439 1307 1471 Venetorum
1350 1439 1558 1479 depopulata
1577 1436 1627 1478 (1)
1665 1440 1695 1470 et
1733 1446 1852 1469 omnes
1892 1437 2021 1468 fructus

202 1504 233 1534 et
259 1503 347 1534 bona
374 1502 511 1533 mobilia
538 1502 657 1543 prefati
685 1502 881 1533 monasterii
908 1504 939 1533 et
965 1501 1033 1533 fere
1059 1510 1178 1533 omnes
1204 1503 1319 1533 vestes
1345 1511 1363 1532 a
1389 1501 1492 1533 dorso
1533 1501 1746 1532 dominorum
1774 1500 1921 1532 Fratrum
1950 1508 2022 1540 pre-

202 1563 260 1596 fati
288 1565 480 1596 monasterii
507 1566 538 1596 et
564 1565 676 1595 omnia
703 1566 899 1604 paramenta
924 1564 967 1596 ad
993 1564 1118 1595 cultum
1146 1564 1296 1595 divinum
1324 1563 1486 1595 subtracti
1513 1565 1543 1594 et
1569 1563 1740 1594 subtracta
1777 1562 1909 1599 fuerint,
1935 1562 2020 1593 adeo

206 1627 296 1667 quod
324 1627 354 1658 in
381 1629 509 1658 tantum
536 1628 603 1658 sint
628 1627 754 1658 reducti
782 1629 815 1658 ut
841 1636 907 1658 non
934 1627 1079 1658 habeant
1106 1626 1241 1657 modum
1268 1626 1406 1657 vivendi
1434 1634 1494 1657 nec
1521 1634 1556 1657 se
1582 1625 1842 1663 substentandi;
1880 1624 2020 1665 proinde

207 1692 241 1720 ut
266 1690 399 1730 possint
424 1699 538 1721 eorum
567 1690 766 1730 urgentibus
806 1690 1068 1721 necessitatibus
1110 1689 1300 1730 providere,
1329 1697 1390 1729 per
1411 1688 1468 1720 lire
1491 1689 1560 1720 200
1583 1688 1754 1728 imperiali,
1782 1687 1928 1719 vendono
1953 1686 2021 1718 alla

204 1751 313 1783 nobile
337 1752 470 1792 Agnese
496 1751 639 1784 Soncino
665 1761 730 1783 uria
757 1753 857 1792 rigna
882 1753 913 1783 in
941 1751 1124 1784 Ceranova.

927 1979 1291 2020 DCCCXXVI.

297 2104 324 2132 11
351 2104 512 2140 Capitolo
538 2105 572 2133 di
599 2106 633 2133 S.
661 2106 835 2141 Agostino
873 2106 984 2134 vende
1009 2115 1054 2134 un
1079 2110 1157 2134 orto
1182 2115 1242 2142 per
1269 2106 1447 2142 sopperire
1474 2106 1542 2134 alle
1568 2110 1720 2133 estreme
1757 2105 1934 2133 necessita
1961 2104 2016 2133 del

210 2161 393 2188 convento,

817 2262 980 2293 1528,
1012 2263 1295 2294 gel1110109
1329 2263 1418 2287 23.

772 2368 850 2389 1ΑῐςΙι,
867 2368 947 2388 Notar⁴
965 2368 986 2388 di
1004 2368 1082 2388 Pavta,
1100 2379 1124 2382 —
1139 2368 1187 2388 Atti
1203 2368 1224 2388 di
1243 2368 1302 2389 Luca
1319 2369 1461 2389 Fiambertili

275 2562 394 2677 N
447 2580 496 2619 *EL
524 2574 690 2607 Convento
715 2574 749 2606 cli
773 2574 805 2607 S.
833 2575 1005 2614 Agosti'no,
1045 2574 1112 2606 ullu
1150 2583 1311 2614 presenza
1348 2574 1401 2605 del
1436 2575 1608 2606 reverendi
1636 2583 1729 2606 sacre
1755 2575 1924 2616 theologie
1951 2584 2019 2605 ma—

447 2679 448 2682 Ἴ
476 2638 568 2678 gistri
595 2637 721 2668 domini
748 2637 859 2668 fratris
887 2637 1067 2677 Rapliaelis
1093 2638 1133 2668 de
1160 2636 1430 2677 Carmagnolia...
1458 2636 1682 2668 Provincialis
1708 2637 1816 2668 tocius
1843 2636 2018 2668 Provincie

447 2700 448 2719 l
477 2700 675 2731 Lombardie
701 2699 840 2731 Ordinis
866 2700 1106 2731 Heremitaruin
1134 2700 1240 2730 sancti
1268 2699 1458 2739 Augustini,
1483 2699 1629 2731 adunato
1654 2700 1680 2731 il
1706 2698 1857 2740 Capitolo
1872 2700 2019 2731 deman-

207 2762 285 2793 dato
310 2761 422 2793 fratris
450 2761 573 2793 Aurelii
601 2762 641 2793 de
667 2760 798 2794 Candia
824 2762 1045 2802 subprioris...
1087 2763 1211 2793 attenta
1252 2762 1405 2793 absentia
1431 2770 1449 2792 a
1475 2762 1564 2793 dicto
1590 2763 1758 2793 conventu
1784 2763 1815 2792 et
1840 2771 1857 2792 a
1883 2762 2016 2792 civitate

267 2947 297 2971 il)
311 2946 333 2967 Si
349 2947 425 2967 allude
440 2947 460 2967 al
476 2947 614 2973 sacclicggio
629 2947 684 2968 datu
700 2947 737 2967 dal
753 2948 896 2968 ruarcsciallu
907 2947 1011 2967 irancese
1028 2947 1084 2967 Lau-
1138 2947 1209 2967 :iuclic
1225 2946 1260 2966 sui
1277 2946 1348 2966 nostri
1365 2946 1497 2966 documenti
1512 2946 1553 2967 clie
1569 2951 1609 2971 ner
1625 2946 1688 2966 molti
1711 2946 1762 2966 anui
1787 2951 1871 2966 ancora
1887 2945 1905 2965 ci
1922 2945 2011 2965 oilroru·

212 2991 283 3016 trech,
300 2991 304 3011 i
320 2991 355 3012 cui
371 2991 443 3012 ori-ori
459 2992 477 3011 si
494 2997 597 3017 possono
612 2992 704 3017 {eguere
726 2992 747 3012 in
770 2992 905 3017 MAGENTA,
922 2992 933 3012 Ι
951 2992 1055 3012 visconti·
1070 2998 1081 3012 e
1137 2991 1237 3011 uotevnli
1263 2991 1394 3016 parnt-olari
1417 2990 1438 3011 di
1462 2991 1514 3016 quel
1538 2990 1637 3011 nefando
1659 2990 1830 3015 avvcniiucnto,
1846 2989 2010 3015 spccialmcutc

210 3035 245 3060 gli
260 3035 345 3061 Sforza
367 3041 413 3056 ecci
438 3035 475 3056 vol
492 3035 507 3061 1,
532 3041 584 3061 pag.
599 3036 647 3061 711,
662 3041 710 3061 seg<
736 3035 900 3057 Richiumiamo
922 3036 1077 3056 l’attenzinue
1133 3036 1167 3056 nei
1184 3036 1234 3056 suoi
1251 3035 1351 3061 riguardi
1367 3035 1410 3056 :ille
1426 3035 1543 3056 comunita
1560 3035 1666 3059 religiose
1682 3040 1693 3055 c
1708 3035 1751 3055 alle
1767 3035 1851 3055 chiese.
