2305 3407
270 126 335 158 228

271 258 425 297 Nazario,
452 259 553 290 frater
589 258 830 300 Simplicianus
866 259 1092 297 ariminensis,
1129 259 1230 290 frater
1266 257 1404 291 Gabriel
1441 259 1482 291 de
1511 258 1750 302 CarmagnoIa,
1784 260 1884 292 frater
1909 260 1974 293 Leo
2001 261 2092 293 Mar-

269 322 422 359 chianus‚
449 321 549 353 frater
576 321 744 353 Victorius
766 322 810 353 de
837 322 1072 363 Monteregali,
1098 321 1200 353 trater
1225 320 1438 362 Augustinus
1463 323 1504 354 de
1530 322 1646 364 Papia,
1673 323 1775 356 frater
1800 323 1938 356 Marcus
1956 324 2092 365 provin-

269 384 365 415 cialis
390 384 564 424 aquensis,
580 383 680 416 frater
696 383 888 415 Alexander
914 384 954 416 de
981 382 1248 425 Castelatio‚pi1'1
1274 384 1309 415 cii
1331 384 1395 416 ciue
1419 386 1500 417 terzi
1523 385 1577 417 del
1599 386 1754 427 capitolo,
1779 386 1889 418 cicinno
1914 387 1946 418 Ῐη
1959 387 2092 418 investi-

270 447 342 477 tura
362 448 521 486 perpetua
547 455 567 477 α
593 445 703 478 Psetro
732 445 890 479 Germani
925 447 959 478 cli
983 446 1150 487 Bologna‚
1175 447 1196 478 4
1217 446 1362 487 peniche
1394 446 1429 478 rii
1453 448 1536 478 terra
1560 448 1592 479 in
1618 447 1844 480 Preciamasco
1865 457 1927 489 per
1949 448 2006 480 lire
2029 449 2051 481 3
2074 457 2091 480 e

271 508 359 540 soldi
380 509 402 540 4
427 508 462 540 di
485 517 594 540 αηιιιιο
620 508 729 549 offitio
747 507 808 548 (l).

1044 710 1323 750 CMXXV.

361 819 389 846 11
415 818 576 854 Capitolo
603 818 636 846 di
664 819 696 849 S,
724 819 893 846 Mostiola
920 819 963 847 da
990 819 1202 848 investitura
1228 820 1261 848 di
1287 824 1379 848 terre
1406 821 1439 848 in
1467 821 1656 850 Stradella.

943 942 1099 970 1330-

1132 948 1238 967 11151
1246 949 1352 974 1·z()‚
1385 943 1432 968 3.

760 1030 837 1051 (Arcus
854 1030 934 1050 Notat.
952 1030 972 1050 di
991 1030 1069 1050 Pani
1089 1042 1110 1043 j
1128 1031 1174 1050 Ani
1191 1030 1212 1050 di
1229 1030 1341 1051 (Jiacomo
1354 1031 1449 1056 (jiorgio
1466 1031 1576 1052 Fraucani
1594 1049 1597 1051 .

347 1214 460 1329 Α

522 1231 679 1258 DUNATO
705 1227 728 1258 il
751 1227 895 1267 capitolo
920 1228 955 1258 di
979 1227 1011 1260 S.
1038 1228 1206 1266 Mostiola,
1233 1229 1273 1260 de
1300 1229 1492 1260 mandato...

543 1288 728 1321 Castelatio
756 1289 915 1321 prioris...
942 1291 973 1321 in
1000 1300 1101 1331 quo...
1127 1291 1308 1322 adfuerunt
1333 1300 1407 1322 cum
1435 1300 1508 1322 eo...
1536 1290 1635 1322 frater
1654 1290 1791 1324 Rochus
1817 1291 1857 1322 de
1883 1289 2098 1332 Camayrano

1534 1229 1661 1260 domini
1688 1228 1800 1261 fratris
1826 1229 2030 1261 Melchionis
2056 1229 2097 1261 de

543 1353 696 1383 sindicus
721 1355 752 1384 et
778 1352 878 1384 frater
904 1353 1134 1385 Bernardinus
1162 1354 1202 1384 de
1228 1351 1359 1386 Creina.
1389 1353 1448 1393 pii!
1484 1353 1519 1384 cii
1553 1353 1616 1384 due
1641 1354 1722 1385 terzi
1745 1353 1799 1385 del
1822 1354 1974 1394 capitolo,
2002 1354 2032 1385 si
2054 1353 2097 1385 (ἰὰ

275 1415 465 1445 investitura
488 1423 549 1454 per
574 1415 614 1446 18
637 1415 717 1445 (ιηιιί
741 1415 786 1446 acl
809 1415 952 1446 Antonio
980 1414 1091 1455 Cagni
1114 1416 1225 1447 cl'mia
1252 1416 1350 1455 vigila
1376 1415 1411 1446 iii
1438 1416 1478 1447 18
1496 1415 1642 1456 perticlze
1667 1424 1687 1446 a
1717 1414 1882 1448 Stradella
1914 1424 1976 1456 per
1997 1415 2054 1447 lire
2078 1416 2101 1448 6

275 1477 438 1516 imperiali
462 1476 519 1508 all'
533 1485 630 1508 (111110.

1030 1653 1337 1693 CMXXVI.

366 1770 393 1796 11
421 1770 584 1806 Capitolo
611 1770 643 1798 di
670 1771 704 1798 S.
733 1771 844 1799 Paolo
871 1771 904 1798 sa
931 1780 998 1799 una
1024 1776 1185 1807 permuta
1211 1771 1245 1799 di
1271 1776 1409 1800 terreno
1436 1772 1469 1799 in
1496 1772 1698 1808 Casteggio.

936 1893 1074 1917 1560
1086 1908 1099 1924 9
1133 1899 1238 1918 111221
1248 1900 1338 1920 rzo
1347 1909 1360 1924 ,

1393 1894 1445 1918 4.

842 1990 909 2010 Arcli.
927 1990 1007 2011 Notar.
1025 1991 1046 2011 di
1064 1990 1133 2011 Pax-ia
1150 2002 1174 2004 —
1190 1991 1238 2012 Atti
1255 1991 1276 2011 di
1293 1991 1385 2011 Matteo
1401 1990 1543 2014 Cellas-iva),

346 2182 467 2298 N
506 2134 509 2135 ξ

524 2200 566 2227 EL
592 2198 749 2227 convento
775 2196 809 2228 di
833 2195 866 2229 S.
893 2196 1009 2234 paolo,
1036 2197 1223 2229 raduslatisi
1246 2198 1257 2229 i
1280 2197 1431 2237 religiosi
1454 2197 1556 2230 frater
1582 2196 1760 2230 Candidus
1787 2198 1827 2229 de
1853 2197 2002 2230 Barzizia
2029 2207 2103 2239 per-

546 2259 719 2299 gamensis
746 2257 872 2290 Prior...
910 2258 1009 2290 frater
1045 2259 1208 2291 Nicolaus
1239 2260 1347 2291 Maria
1374 2260 1414 2292 de
1442 2260 1607 2299 TrivilliO,
1634 2261 1734 2292 frater
1760 2260 1926 2292 Pacificus
1953 2261 1993 2292 de
2019 2259 2103 2293 Gar-

547 2321 674 2357 lasclio,
702 2320 802 2352 irater
827 2319 987 2353 Clemens
1012 2321 1053 2352 de
1080 2320 1197 2362 Papia,
1223 2321 1324 2353 frater
1350 2322 1549 2355 Laurentius
1563 2324 1605 2355 de
1621 2322 1824 2364 Caravagio,
1840 2323 1941 2355 frater
1959 2323 2101 2355 lacobus

352 2478 358 2496 l
390 2477 453 2501 Not-gli
469 2477 512 2497 atti
529 2477 550 2497 di
567 2477 679 2498 Giacomo
702 2477 793 2498 Andrca
817 2477 915 2498 Boldoui
938 2479 1003 2499 sotto
1019 2479 1039 2499 la
1055 2479 1108 2499 data
1125 2479 1160 2499 del

285 2522 290 2541 l
308 2521 381 2546 aprile
399 2522 449 2541 1550
465 2522 580 2541 troviamo
596 2522 637 2542 che
654 2522 688 2542 nel
701 2527 744 2542 suo
755 2524 899 2543 testamento
910 2522 923 2543 il
936 2523 1012 2543 nobile
1028 2522 1085 2543 Gian
1098 2523 1165 2544 Fran-

282 2570 351 2586 cesco
368 2565 460 2591 Luselliy
476 2565 512 2586 del
528 2565 550 2586 fu
568 2566 625 2587 Gian
642 2566 752 2591 Λιιίοιιῑο,
768 2566 789 2586 di
807 2566 885 2591 Pavia,
901 2567 992 2588 ordinat
1010 2567 1114 2588 eiusdem
1130 2573 1165 2588 ca—

283 2609 354 2629 daver
370 2609 458 2629 humari
475 2610 496 2629 in
513 2612 664 2630 monumento
681 2610 792 2631 nobilium
808 2610 836 2631 de
853 2610 953 2631 Luxellis
968 2611 1084 2632 existente
1095 2612 1116 2632 in
1127 2617 1163 2632 sa-

281 2653 360 2674 cristia
376 2655 507 2674 conventus
523 2654 656 2674 monasterii
673 2655 747 2674 sancti
765 2654 889 2679 Augustini
911 2655 982 2681 Papie
999 2661 1073 2681 prope
1088 2656 1161 2677 altare

283 2697 357 2718 sancti
383 2697 516 2723 Augustini.
542 2697 621 2719 Simile
646 2698 806 2724 disposizione
822 2699 833 2719 e
854 2699 891 2719 dal
917 2699 1000 2720 Luselli
1027 2700 1129 2725 ripetuta
1144 2701 1165 2721 ai

284 2742 297 2762 3
312 2741 415 2767 d'aprile
434 2743 490 2763 1551.
508 2742 564 2763 Vedi
581 2743 636 2762 nota
651 2742 672 2763 al
688 2742 739 2763 doc.
758 2742 794 2764 del
810 2743 836 2763 23
855 2743 954 2768 gennaio
972 2744 1030 2765 1551.

336 2786 362 2807 Αἰ
381 2787 386 2806 l
405 2786 492 2811 giugno
507 2791 550 2807 con
567 2788 710 2807 testamento
726 2789 809 2813 rogato
824 2787 853 2808 da
869 2787 1012 2809 Alessandro
1024 2789 1134 2815 Folperti,
1151 2789 1165 2810 il

284 2830 390 2851 barbiere
406 2830 511 2856 Caspare
527 2830 603 2851 Busca
618 2830 710 2851 ordinat
722 2831 785 2857 quod
796 2831 936 2852 adveniente
946 2837 1002 2853 casu
1018 2833 1068 2853 eius
1084 2834 1166 2854 mortis

282 2875 384 2896 cadaver
399 2880 468 2896 suum
484 2875 612 2901 sepeliatur
627 2876 650 2896 et
666 2875 760 2901 sepeliri
776 2875 861 2896 debeat
877 2876 899 2896 in
915 2876 1013 2898 ecclesia
1029 2877 1103 2898 sancti
1120 2877 1164 2899 Au-

284 2919 371 2945 gustini
393 2919 488 2941 Ordinis
512 2920 682 2941 Heremitarum
705 2919 808 2941 civitatis
832 2919 911 2946 papie,
934 2921 970 2942 cui
994 2922 1164 2943 monasterio...

284 2964 346 2990 legat
361 2964 433 2985 libras
448 2964 552 2990 quinque
568 2964 701 2990 imperiales
717 2964 789 2985 semel
805 2965 923 2986 tantum...
949 2965 1101 2987 solvendas...
1117 2968 1165 2988 sta-

284 3008 324 3029 tim
341 3009 395 3034 post
411 3008 462 3030 eius
483 3008 616 3034 decessum,
639 3013 740 3035 gravans
763 3008 851 3030 dictum
872 3010 1040 3031 monasterium
1055 3010 1085 3032 ad
1100 3011 1167 3033 celle-

1217 2479 1330 2500 hraudum
1347 2479 1449 2501 officium
1466 2485 1556 2501 nnuma
1567 2480 1666 2501 mortuis
1675 2486 1716 2506 pro
1725 2481 1801 2501 anima
1810 2480 1886 2506 ipsius
1895 2480 2018 2501 testatoris
2026 2480 2097 2501 semel

1221 2525 1318 2544 tantun»

1274 2568 1299 2589 Ai
1315 2568 1341 2589 28
1355 2569 1491 2594 settembrey
1508 2569 1529 2589 in
1545 2569 1640 2590 civitate
1663 2569 1743 2595 Papio.
1759 2570 1780 2590 iu
1796 2575 1887 2590 camera
1909 2569 1997 2590 torroni
2014 2569 2098 2590 domus

1218 2613 1370 2634 habitationis
1394 2613 1535 2640 infrascripti
1554 2614 1669 2639 magnifici
1689 2614 1775 2635 domini
1801 2614 1893 2635 Bronzii
1910 2614 2009 2639 Busche,
2025 2619 2094 2640 quam

1217 2658 1279 2677 tenet
1295 2657 1324 2677 ad
1341 2657 1419 2678 fictum
1442 2658 1473 2678 ab
1495 2658 1577 2678 illustri
1604 2658 1698 2679 domino
1723 2657 1813 2679 Sforzia
1838 2658 1924 2684 Mnyno
1939 2659 1962 2679 et
1979 2663 2024 2684 que
2038 2657 2098 2679 alias

1222 2703 1271 2722 erat
1287 2701 1402 2727 magnifici
1428 2702 1484 2723 iuris
1506 2702 1606 2723 consulti
1623 2702 1709 2723 domini
1726 2702 1816 2723 Iasonis
1831 2702 1918 2729 Mayni,
1934 2703 1979 2723 sita
1995 2703 2017 2723 in
2028 2702 2099 2724 Porta

1219 2745 1348 2772 Palacensi,
1364 2746 1385 2767 in
1403 2746 1514 2768 Parociiia
1539 2747 1614 2768 sancti
1638 2746 1734 2769 Romani
1757 2747 1860 2773 maioris,
1877 2747 1890 2768 il
1906 2747 1983 2768 nobile
1999 2747 2099 2768 Bronzio

1222 2789 1297 2811 Busca
1313 2790 1349 2811 del
1365 2789 1388 2811 fu
1405 2790 1486 2816 paolo,
1501 2780 1597 2812 nel'sno
1613 2792 1764 2817 testamento,
1781 2792 1865 2818 rogato
1880 2791 1909 2812 da
1925 2791 1983 2813 Gian
1998 2791 2100 2812 Antonio

1221 2833 1330 2858 Vassalli,
1346 2834 1432 2860 legavit
1447 2836 1469 2856 et
1485 2835 1547 2861 legat
1562 2835 1705 2856 monasterio
1720 2836 1794 2857 sancti
1810 2835 1933 2862 Augustini
1949 2835 2043 2857 Ordinis
2059 2835 2102 2856 He-

1219 2879 1354 2900 remitarum
1377 2879 1448 2901 libras
1470 2882 1563 2901 centum
1580 2880 1712 2906 imperiales
1733 2882 1757 2901 et
1779 2880 1908 2902 reverendo
1923 2880 2018 2902 domino
2032 2880 2098 2902 fratri

1220 2922 1349 2944 Fortunato
1357 2923 1389 2948 (‘?)
1404 2923 1459 2945 dicti
1476 2924 1611 2945 monasterii
1627 2925 1678 2946 eius
1693 2924 1822 2946 confessori
1838 2925 1910 2946 libras
1924 2926 2017 2946 centum
2028 2925 2100 2951 impe-

1219 2967 1288 2988 riales
1303 2967 1347 2988 sibi
1363 2967 1454 2989 dandas
1469 2968 1491 2989 in
1507 2970 1610 2995 quatuor
1628 2969 1703 2990 annis.
