2305 3407
254 177 298 208 48

252 311 401 350 ipsorum
429 309 642 339 dominorum
669 306 804 337 fratrum
833 304 1081 338 heremitarum,
1108 304 1138 332 et
1164 310 1180 332 e
1206 308 1374 331 converso
1393 298 1456 339 ipsi
1474 297 1605 329 Fratres
1622 297 1664 328 de
1683 295 1816 328 Sanctis
1843 296 1991 336 ipsorum
2011 293 2076 327 Ca-

255 372 451 402 nonicorum
469 381 474 407 ;

341 433 417 464 ltem
445 432 537 472 quod
564 431 786 471 solempnitas
812 429 887 461 festi
916 428 1094 459 Beatorum
1122 424 1208 456 Petri
1236 428 1265 455 et
1293 423 1386 455 Pauli
1414 422 1647 464 apostolorum
1675 421 1771 462 plene
1791 421 1953 461 pertineat
1971 423 2002 451 et
2021 420 2076 451 fiat

254 501 318 526 tam
348 496 377 525 in
407 494 514 525 Missa
543 502 663 534 magna
702 501 801 533 quam
830 493 860 522 in
889 490 1041 531 vesperis
1067 492 1096 520 et
1123 487 1295 518 matutinis
1321 486 1362 517 ad
1391 487 1501 526 ipsum
1539 485 1725 524 dompnum
1764 482 1928 514 Abbatem
1967 485 1997 513 et
2034 482 2075 513 ad

254 558 348 597 ipsos
375 555 581 593 Canonicos‚
608 555 761 586 similiter
787 558 817 585 et
844 553 1031 594 predicatio
1057 551 1208 583 eiusdem
1235 550 1323 590 diey,
1357 551 1387 579 et
1415 548 1499 588 ipsis
1525 545 1711 579 Canonicis
1738 545 1931 576 nolentibus
1968 544 2078 584 predi-

255 628 340 652 care,
368 618 562 649 huiusmodi
590 617 777 658 predicatio
803 616 965 656 pertineat
992 614 1033 646 ad
1061 614 1157 654 ipsos
1184 612 1336 649 Fratres;
1378 611 1447 651 pari
1477 610 1577 640 modo
1603 608 1826 648 solempnitas
1852 610 1883 638 et
1908 606 2077 638 festivitas

253 680 344 712 Beati
373 680 552 720 Augustini
580 680 741 719 pertineat
779 679 820 709 ad
860 677 1017 708 dominos
1056 675 1204 706 Priorem
1231 677 1261 705 et
1288 673 1419 704 Fratres
1458 672 1649 712 predictos;
1683 671 1726 702 ita
1753 670 1844 710 quod
1883 668 1987 706 Prior,
2024 670 2079 700 aut

254 743 352 780 alius,
379 743 434 782 qui
463 751 521 782 per
548 743 643 782 ipsos
669 741 827 771 dominos
855 738 1002 770 Priorem
1029 740 1059 769 et
1084 736 1204 768 fratres
1231 736 1272 767 ad
1301 735 1332 766 id
1360 735 1543 775 requisitus
1570 733 1668 764 fuerit
1693 735 1723 764 et
1751 732 1943 769 institutus,
1980 730 2080 762 faciat

257 806 366 845 ipsum
393 804 547 839 offitium,
573 807 604 834 et
632 803 775 833 Missam
802 803 912 832 cantet
939 799 1102 836 similiter,
1128 802 1159 829 et
1186 797 1373 838 predicatio
1401 797 1490 827 illius
1516 796 1593 836 diey
1619 795 1660 826 ad
1688 796 1784 835 ipsos
1825 794 1944 825 fratres
1982 793 2082 834 perti-

256 869 342 902 neat,
368 870 398 898 et
427 867 510 906 ipsis
538 865 710 905 predicare
737 863 942 899 nolentibus,
970 860 1165 892 huiusmodi
1192 859 1379 900 predicatio
1406 859 1570 898 pertineat
1602 857 1644 888 ad
1678 856 1848 897 prefactos
1874 854 2080 888 Canonicos.

348 928 424 959 ltem
452 928 543 968 quod
571 936 628 968 per
654 935 789 958 cursum
828 933 1003 961 annorum,
1029 926 1060 955 et
1086 922 1250 962 temporis
1287 921 1399 959 futuri,
1426 930 1484 952 seu
1512 920 1552 951 de
1590 922 1700 951 cetero
1737 919 1875 959 predicti
1914 917 2079 950 Canonici

257 991 501 1021 Lateranenses
527 992 702 1020 teneantur
727 990 861 1019 cantare
889 987 1026 1018 missam
1055 993 1210 1026 magnam
1230 985 1261 1015 in
1282 985 1356 1024 ipsa
1375 983 1517 1015 ecclesia
1544 991 1608 1013 una
1634 981 1836 1019 ebdomada,
1866 980 1985 1012 fratres
2004 989 2083 1011 vero

257 1053 396 1093 predicti
423 1052 489 1083 alia
515 1051 719 1088 ebdomada,
745 1054 776 1081 et
802 1050 851 1081 sic
877 1048 1051 1080 alternatis
1078 1047 1232 1084 vicibus,
1258 1048 1289 1078 et
1316 1046 1372 1077 ubi
1398 1046 1571 1086 contingat
1597 1045 1683 1075 duas
1721 1043 1850 1074 Missas
1885 1043 2010 1074 cantari
2049 1042 2080 1072 in

257 1123 321 1145 una
347 1115 412 1151 die,
438 1114 714 1149 ebdomadarius,
741 1121 800 1144 seu
828 1120 906 1152 pars
933 1111 987 1142 illa
1025 1119 1090 1150 que
1127 1109 1187 1140 erit
1214 1109 1244 1139 in
1271 1108 1475 1145 ebdomada,
1501 1109 1610 1138 cantet
1629 1107 1780 1146 primam,
1799 1108 1830 1136 et
1849 1114 1936 1136 unus
1954 1114 1996 1136 ex
2015 1104 2082 1136 alio

255 1178 359 1208 cltoro
385 1185 443 1207 seu
472 1178 576 1216 parte,
602 1178 713 1207 cantet
728 1175 923 1206 secundam.
941 1173 1070 1204 Missas
1087 1175 1197 1203 autem
1217 1171 1437 1202 devotionum
1458 1172 1598 1210 utraque
1617 1169 1767 1209 ipsarum
1787 1168 1931 1209 partiunt
1951 1167 2084 1208 possint

257 1242 390 1270 cantare
426 1239 457 1270 in
488 1239 562 1278 ipsa
600 1238 744 1269 ecclesia
781 1240 811 1268 et
849 1236 1018 1268 celebrare
1057 1236 1151 1266 iuxta
1189 1233 1405 1265 devotionem
1440 1233 1589 1272 ipsarum
1623 1239 1844 1272 personarum
1878 1230 2003 1262 cantari
2036 1229 2086 1261 fa-

260 1302 431 1333 cientium.

348 1363 425 1394 ltem
452 1363 544 1404 quod
571 1363 603 1394 in
628 1363 682 1394 die
709 1362 904 1394 Nativitatis
931 1359 1066 1392 Domini
1094 1359 1149 1391 illa
1176 1367 1254 1399 pars
1279 1358 1322 1389 ad
1363 1366 1464 1398 quam
1503 1356 1682 1397 pertinebit
1718 1355 1921 1393 ebdomada,
1959 1355 1990 1385 in
2016 1362 2082 1395 qua

257 1426 405 1457 evenerit
433 1426 507 1466 ipsa
533 1425 712 1463 festivitas,
737 1426 873 1456 cantare
899 1426 931 1455 et
957 1423 1128 1455 celebrare
1145 1421 1268 1453 debeat
1287 1421 1430 1452 Missam
1450 1420 1591 1460 primam
1617 1421 1649 1450 et
1675 1419 1823 1450 ultimam
1851 1418 1960 1458 ipsius
1997 1417 2085 1458 diey,

258 1488 442 1519 secundam
470 1496 549 1518 vero
577 1488 715 1519 missam
741 1487 893 1518 eiusdem
921 1486 999 1526 diey
1032 1487 1168 1517 cantare
1194 1487 1225 1516 et
1250 1484 1420 1515 celebrare
1458 1483 1580 1514 debeat
1605 1482 1670 1513 alia
1697 1489 1775 1522 pars
1801 1489 1859 1512 seu
1886 1480 1973 1512 alius
1998 1478 2089 1512 Con-

260 1553 392 1582 ventus.
418 1550 572 1581 similiter
597 1552 628 1581 et
654 1549 797 1580 offitium
825 1549 856 1580 in
882 1547 1018 1585 Choro;
1045 1550 1076 1579 et
1101 1547 1171 1578 fieri
1209 1547 1331 1578 debeat
1367 1546 1555 1577 alternatim
1583 1553 1641 1585 per
1666 1543 1899 1581 ebdomadas;
1926 1543 1969 1574 ita
1995 1542 2087 1583 quod

262 1612 392 1644 Fratres
419 1621 483 1644 una
509 1612 711 1649 ebdomada,
738 1610 901 1644 Canonici
929 1619 1009 1642 vero
1035 1610 1099 1642 alia
1125 1609 1339 1647 ebdomada;
1366 1617 1430 1648 que
1456 1607 1562 1638 offitia
1581 1607 1800 1638 nihilominus
1819 1605 1917 1637 simul
1936 1607 1967 1636 et
1985 1605 2016 1636 in
2036 1613 2091 1636 so-

260 1676 378 1706 cietate
405 1675 469 1706 dici
496 1677 526 1706 et
552 1675 677 1706 cantari
704 1674 851 1705 debeant
878 1682 935 1714 per
962 1673 1056 1713 ipsas
1083 1674 1196 1713 partes
1223 1674 1256 1703 ut
1281 1680 1395 1712 supra.
1421 1669 1497 1708 Quo
1517 1678 1597 1701 vero
1626 1669 1668 1700 ad
1699 1669 1772 1700 dies
1790 1669 2032 1700 comunionum
2058 1669 2090 1699 et

262 1737 402 1769 aliarum
429 1737 717 1777 solempnitatum,
754 1736 883 1768 scilicet
919 1735 1051 1767 Natalis
1077 1737 1108 1767 et
1135 1734 1242 1766 Pasce
1268 1736 1299 1766 et
1325 1735 1521 1771 ceterarum,
1559 1733 1614 1764 illa
1652 1741 1731 1773 pars
1755 1731 1857 1763 faciat
1882 1730 2030 1762 officium
2059 1730 2090 1761 in

264 1798 379 1832 Clioro
405 1802 435 1830 et
463 1799 607 1831 Missam
634 1807 789 1840 magnam
828 1800 939 1830 cantet
965 1800 996 1829 et
1021 1798 1210 1829 comunicet
1242 1795 1436 1829 Canonicos
1462 1797 1494 1827 et
1521 1795 1652 1826 Fratres
1684 1794 1838 1826 similiter
1863 1796 1893 1825 et
1919 1800 2092 1833 expensas

264 1870 338 1893 cere
364 1860 464 1892 faciat
491 1862 522 1892 in
549 1861 711 1901 predictis
748 1859 876 1897 offitiis,
913 1860 1041 1891 scilicet
1079 1860 1205 1897 missis,
1243 1859 1397 1899 vesperis
1422 1860 1453 1889 et
1479 1857 1662 1888 matutinis.
1700 1855 1955 1888 Predicationes
1979 1857 2090 1886 autem

267 1924 416 1964 ipsarum
443 1923 719 1964 solempnitatum
746 1923 943 1954 dividantur
961 1924 991 1953 et
1009 1923 1089 1953 fiant
1107 1921 1296 1953 secundum
1324 1914 1503 1961 quod‘ertt
1521 1919 1711 1951 ebdomada
1737 1921 1768 1950 et
1794 1921 1893 1958 prout
1918 1919 2027 1949 curret
2045 1915 2095 1948 0f-

268 1986 379 2017 ficium
406 1988 437 2018 et
465 1987 569 2017 missa
597 1994 719 2026 magna
746 1986 777 2016 in
804 1986 879 2026 ipsa
905 1985 1108 2016 ebdomada.

359 2048 436 2079 ltem
463 2048 556 2088 quod
582 2049 693 2079 circha
721 2048 974 2088 predicationes
1000 2046 1316 2087 quadragesimales
1342 2045 1490 2086 quelibet
1517 2053 1596 2086 pars
1622 2044 1744 2076 habeat
1770 2052 1867 2075 suum
1901 2051 2024 2074 annum
2051 2041 2098 2073 al-

271 2111 424 2142 ternatim
452 2113 485 2141 ut
511 2119 625 2151 supra.
652 2109 753 2148 Quod
780 2111 807 2141 si
835 2119 914 2150 pars
940 2109 994 2140 illa
1020 2118 1086 2149 que
1112 2109 1172 2140 erit
1198 2109 1229 2139 in
1256 2117 1345 2140 anno
1372 2117 1437 2139 non
1465 2108 1610 2148 potuerit
1651 2108 1707 2138 aut
1744 2106 1888 2137 noluerit
1925 2105 2098 2145 predicare

272 2173 301 2203 in
331 2173 404 2213 ipsa
430 2173 584 2210 ecclesia,
612 2173 721 2213 possit
747 2173 778 2203 in
806 2173 880 2212 ipsa
906 2172 1049 2203 ecclesia
1075 2171 1179 2203 altera
1206 2179 1284 2211 pars
1311 2171 1495 2211 predicare.

363 2234 439 2265 ltem
466 2235 557 2274 quod
585 2234 728 2266 facultas
755 2234 899 2266 faciendi
927 2242 1061 2265 cessare
1088 2234 1314 2274 pulsationem
1341 2241 1504 2273 campane
1534 2231 1635 2263 officii
1662 2233 1693 2262 et
1719 2231 1864 2271 incipere
1901 2228 2001 2262 Salve
2039 2228 2101 2261 Re-

273 2297 350 2337 gina
377 2299 406 2328 et
433 2295 695 2329 Confessionem
723 2297 830 2328 facere
856 2299 886 2327 et
912 2296 991 2328 dare
1030 2296 1299 2327 benedictionem
1327 2295 1358 2326 in
1386 2294 1506 2326 Primis
1533 2296 1563 2325 et
1590 2295 1620 2325 in
1647 2292 1900 2333 Complectorio
1937 2292 2102 2332 pertineat

275 2360 316 2390 ad
345 2359 509 2399 prelatum
537 2359 626 2390 illius
652 2360 743 2390 ctiori
771 2368 830 2390 seu
870 2359 974 2399 partis
1012 2367 1077 2399 que
1115 2359 1176 2389 erit
1203 2358 1234 2388 in
1261 2358 1452 2389 ebdomada
1480 2359 1513 2388 ut
1539 2365 1652 2397 supra.
1691 2355 1730 2387 Et
1756 2356 1783 2387 si
1810 2355 1988 2395 contigerit
2028 2362 2102 2394 pre-

278 2422 379 2452 latum
408 2421 497 2452 illius
523 2422 614 2452 ctiori
642 2430 707 2452 non
736 2422 909 2459 interesse,
936 2420 1085 2461 prelatus
1111 2421 1249 2451 alterius
1275 2420 1367 2451 cliori
1396 2420 1427 2450 id
1454 2421 1620 2450 exerceat.

367 2483 443 2514 ltem
471 2483 563 2523 quod
591 2486 731 2523 utraque
758 2484 907 2524 ipsarum
935 2483 1090 2523 partium,
1107 2483 1234 2514 scilicet
1253 2481 1416 2514 Canonici
1443 2484 1473 2513 et
1500 2481 1643 2518 Fratres,
1669 2482 1843 2512 teneantur
1868 2481 2002 2511 cantare
2020 2477 2106 2509 Mis-

279 2554 349 2576 sam
377 2546 417 2576 de
445 2546 585 2577 mortuis
611 2546 750 2585 quando
775 2546 1123 2586 obligantur.scilicet
1150 2543 1312 2576 Canonici
1341 2545 1404 2584 ipsi
1432 2553 1506 2575 cum
1533 2543 1694 2574 fratribus
1719 2542 1856 2582 quando
1883 2540 2002 2572 fratres
2019 2540 2105 2571 obli-

280 2612 399 2647 gantur
426 2611 456 2638 et
483 2607 614 2639 Fratres
641 2617 714 2638 cum
742 2606 938 2645 Canonicis,
965 2608 1101 2647 quand*
1129 2606 1294 2639 Canonici
1321 2606 1523 2647 obligantur,
1551 2605 1590 2636 Et
1615 2613 1696 2636 casu
1723 2613 1791 2644 quo
1819 2604 1926 2635 Missa
1953 2603 1994 2634 de
2020 2611 2107 2633 mor-

283 2669 348 2699 tuis
374 2669 535 2700 celebrari
564 2679 629 2700 non
657 2670 777 2710 possit,
804 2679 845 2701 ex
866 2670 978 2709 aliqua
1006 2670 1197 2701 rationabili
1217 2678 1331 2702 causa,
1351 2672 1428 2700 tunc
1454 2670 1594 2699 cantans
1632 2667 1769 2698 missam
1807 2668 1958 2697 teneatur
1994 2665 2106 2696 dicere

281 2731 468 2761 orationem
496 2731 536 2762 de
563 2732 705 2763 mortuis
733 2732 763 2762 in
792 2732 896 2762 missa
923 2740 1055 2771 magna,
1083 2734 1181 2772 prout
1207 2731 1271 2762 sibi
1298 2731 1426 2762 dicetur
1452 2739 1511 2770 per
1536 2731 1663 2770 partem
1690 2728 1885 2769 obligatam.

372 2791 450 2823 ltem
478 2793 569 2832 quod
598 2793 651 2823 illa
680 2802 758 2833 pars
784 2802 849 2833 que
876 2793 936 2824 erit
964 2794 994 2824 in
1021 2793 1213 2824 ebdomada
1239 2793 1329 2824 dicat
1354 2795 1385 2823 et
1404 2792 1551 2824 celebret
1570 2782 1714 2822 Primam
1733 2790 1775 2821 ad
1795 2789 1897 2821 altare
1916 2789 2021 2821 sancti
2041 2788 2109 2820 Au-

284 2855 409 2894 gustini
437 2857 467 2885 et
493 2855 679 2885 secundum
706 2855 918 2887 ebdomadas
946 2858 979 2886 ut
1005 2864 1118 2895 supra,
1145 2857 1175 2886 et
1201 2854 1353 2886 similiter
1379 2854 1578 2885 benedicere
1603 2861 1748 2890 cereum,
1774 2851 2111 2889 candellas,cineres‚

285 2916 407 2954 olivas,
423 2919 555 2956 portare
582 2925 714 2947 crucem
743 2918 906 2957 pertineat
931 2917 973 2948 ad
1001 2917 1092 2948 illum
1119 2917 1257 2947 eliorum
1284 2916 1335 2947 cui
1362 2915 1561 2955 contingerit
1587 2916 1722 2946 cantare
1749 2914 1886 2945 missam
1914 2922 1971 2954 per
2002 2913 2108 2953 ipsam

286 2978 523 3010 ebdomadam.
551 2977 589 3009 Et
616 2979 768 3009 similiter
794 2981 934 3019 uterque
959 2979 1083 3010 chorus
1109 2978 1155 3009 ire
1172 2978 1295 3009 debeat
1321 2977 1620 3018 processionaliter
1637 2977 1702 3008 sub
1719 2985 1816 3007 cruce
1835 2976 1924 3007 illius
1943 2976 2034 3007 chori
2053 2975 2110 3015 qui

288 3041 349 3072 erit
375 3041 406 3071 in
433 3040 635 3071 ebdomada.
674 3039 833 3072 Similiter
866 3043 896 3072 et
924 3041 954 3071 in
982 3041 1035 3071 die
1073 3042 1278 3071 mortuorum
1316 3040 1384 3071 fieri
1423 3039 1544 3070 debeat
1582 3039 1768 3079 processio,
1805 3038 1903 3069 simul
1944 3037 2113 3069 cantando
