2305 3407
1928 205 1970 238 35

153 335 272 368 Petrus
298 336 338 367 de
364 335 494 369 Caneto
521 336 710 375 bazilerius‚
736 336 836 368 frater
862 337 1073 378 Augustinus
1099 338 1140 369 de
1167 336 1391 379 Cremagnola
1419 339 1727 377 bazile1·ius‚frate1·
1752 341 1904 373 Albestus
1929 343 1970 374 de

153 398 350 430 Mediolano
389 399 500 436 lector,
538 398 638 430 frater
675 398 803 430 Paulus
829 400 869 430 de
896 398 1012 440 Papia,
1051 400 1150 431 frater
1179 398 1359 432 Cornelius
1385 401 1424 431 de
1451 401 1599 432 Novaria
1626 402 1738 439 lector,
1765 402 1863 434 frater
1888 402 1971 435 Gre—

151 461 266 501 gorius
292 461 333 492 de
359 460 570 498 Canevariis,
608 461 708 492 frater
746 461 917 493 Ansanius
944 463 984 494 de
1009 461 1213 503 Cotigiiolla‚
1251 462 1350 494 frater
1387 462 1590 495 Guillelmus
1617 465 1657 496 de
1684 463 1833 503 Silvam),
1871 466 1970 498 frater

154 522 279 554 Paulus
305 523 346 554 de
371 522 568 561 CastelatiQ
595 523 695 554 frater
722 524 887 556 lohannes
914 524 1081 556 Antonius
1107 526 1147 556 de
1173 524 1369 563 Casteffltio,
1396 525 1495 556 frater
1521 525 1686 558 lohannes
1719 526 1887 559 Antonius
1912 538 1970 569 ga-

153 585 248 622 licus‚
273 585 372 616 trater
397 584 542 625 Spiritus
568 586 609 616 de
637 586 844 623 Mediolano,
872 586 972 618 trater
997 587 1201 619 Benedictus
1227 588 1267 618 de
1295 587 1465 625 Vercellis,
1492 588 1591 619 frater
1618 589 1758 629 Egidius
1783 590 1968 627 alamanus,

152 647 252 678 frater
277 647 449 688 Remigius
475 648 662 685 alamanus,
700 648 798 679 frater
836 648 991 681 Coradus
1031 651 1218 687 amittentis,
1256 650 1354 681 frater
1392 650 1588 682 Vincentius
1615 652 1654 682 de
1681 651 1845 689 Bononia,
1871 653 1970 684 frater

152 708 278 740 Paulus
304 710 344 740 de
372 709 524 747 Undena,
551 709 650 741 frater
676 709 886 742 Octavianus
912 712 952 742 de
979 711 1142 749 Palestro,
1169 713 1268 744 frater
1294 713 1505 753 Augustinus
1524 714 1564 744 de
1581 713 1707 751 padua,
1726 714 1823 745 frater
1843 714 1969 747 Paulus

151 771 192 802 de
219 771 370 812 Bugella,
397 772 496 803 frater
523 772 653 804 Luclias
680 773 720 803 de
748 773 979 813 Romagnano,
1006 775 1104 806 frater
1131 775 1342 815 Augustinus
1368 776 1408 807 de
1436 775 1587 816 Bugella,
1625 776 1725 807 irater
1761 777 1902 809 Nicliola
1927 778 1968 809 de

152 832 344 870 Belinzona,
371 833 472 865 frater
497 833 721 866 Sebastianus
748 836 788 866 de
816 834 1045 868 Cas-relatio...
1073 838 1128 877 qui
1155 837 1324 869 faciunt...
1352 838 1428 878 plus
1454 847 1554 878 quam
1581 839 1667 869 duas
1685 842 1798 879 partes
1818 839 1883 870 imo
1902 839 1969 871 fere

151 896 255 926 totum
282 898 313 926 et
340 896 504 936 integrum
532 895 726 937 Capitulum
732 923 783 929 .....
809 898 958 929 riccvotzo
995 899 1053 930 dal
1086 898 1196 930 nobile
1234 899 1402 932 Gt'ovumzi
1425 900 1595 932 Fuzzardi
1610 900 1709 940 figll'o
1735 901 1776 932 ω’
1800 902 1893 932 erede
1918 902 1970 933 dcl

143 956 185 997 fu
210 956 421 989 Bartolomeo
446 959 623 997 Fazzanii,
646 959 706 999 gie}
724 959 824 999 figlio
849 961 891 991 ecl
914 961 1008 992 erede
1033 962 1215 993 universale
1240 962 1294 993 del
1310 962 1352 1002 fu
1377 962 1565 994 Salimbene
1590 963 1890 1003 Fnzzardi'‚fl0rini
1910 965 1972 996 IOO

150 1020 193 1050 αα
219 1019 306 1050 detto
325 1019 366 1060 fu
391 1020 603 1052 Burtolomeo
641 1022 770 1062 legatos
807 1021 947 1062 Capelle
984 1023 1137 1054 ordinate
1165 1024 1195 1054 in
1222 1023 1380 1056 Claustro
1416 1025 1504 1056 dicte
1542 1025 1681 1056 ecclesie
1722 1026 1826 1057 sancti
1855 1025 1970 1067 Augu-

150 1082 226 1113 stini
245 1080 297 1122 (l)
323 1092 381 1123 per
407 1083 532 1115 dictum
574 1085 746 1124 quondan]
789 1085 963 1116 dominum
1005 1084 1243 1124 Salimbencm‚
1284 1095 1374 1117 come
1410 1087 1453 1118 du
1490 1089 1684 1119 testamento
1709 1097 1769 1119 suo
1795 1088 1848 1119 del
1875 1089 1968 1126 1467,

147 1145 193 1177 28
213 1146 369 1185 genunio,
395 1148 511 1185 rogulo
537 1146 580 1178 ιία
606 1147 789 1179 Donzenico
832 1148 963 1179 Tintori.
1001 1148 1206 1180 Diclziarmio
1239 1157 1319 1189 pure
1345 1149 1380 1180 u'i
1402 1150 1540 1180 ri'cevere
1576 1149 1718 1190 l'ufsitto
1755 1152 1910 1190 perpetuo
1936 1151 1971 1182 ‹lt'

142 1206 258 1246 fiorini
286 1208 327 1239 10
349 1207 407 1238 clzc
432 1208 462 1238 si
481 1216 575 1248 pugil
600 1208 643 1239 da
669 1209 747 1240 certi
771 1209 918 1249 Boggeri
937 1219 998 1250 per
1020 1212 1099 1241 terre
1124 1211 1155 1241 ill
1183 1210 1364 1250 Confi'cnzu
1390 1211 1424 1242 cii
1448 1211 1638 1249 Lomellina,
1668 1212 1809 1243 luscinio
1834 1222 1854 1243 ιι
1880 1212 1968 1243 della

152 1267 312 1309 Coppella
348 1269 406 1300 dul
440 1270 592 1301 suddetto
633 1270 829 1307 Salimbene,
857 1272 926 1303 cosi
951 1272 1009 1303 clze
1029 1272 1088 1312 ριίὶ
1113 1281 1177 1303 non
1202 1273 1245 1304 Ιια
1271 1273 1294 1304 il
1320 1272 1486 1305 Convento
1512 1273 1555 1304 du
1581 1275 1714 1314 ripetere
1746 1283 1824 1305 cosa
1850 1274 1969 1306 alcuna

149 1330 208 1362 dai
230 1331 406 1369 Fazzardi,
432 1332 486 1363 nei
509 1332 659 1371 riguardi
682 1332 736 1364 del
759 1335 953 1365 testamento
986 1334 1039 1365 del
1056 1333 1098 1374 fu
1124 1333 1312 1366 Salimbene
1329 1333 1389 1375 (2).

919 1534 1192 1575 DCXCIII.

238 1640 301 1668 Pel
326 1646 536 1677 pagamento
561 1642 597 1670 di
622 1641 797 1678 Agostino
823 1643 994 1679 Bigarelli
1021 1644 1247 1680 intagliatore
1273 1645 1328 1673 del
1356 1645 1447 1673 Coro
1473 1645 1507 1674 di
1533 1646 1568 1674 S.
1595 1646 1782 1681 Agostino.

724 1756 890 1787 1606,
923 1760 1276 1789 110x⁷el111)1·e‚
1306 1758 1396 1784 27.

689 1845 766 1868 (Aren.
784 1845 863 1865 Notat.
881 1845 902 1865 di
920 1845 989 1866 Pavia
1006 1857 1030 1859 —
1047 1846 1093 1867 Atti
1111 1846 1132 1866 di
1150 1847 1318 1867 Francescliino
1334 1847 1436 1868 Strada&

229 2026 348 2141 N
395 2050 438 2076 EL
463 2054 538 2076 coro
564 2045 599 2076 di
623 2044 656 2077 S.
681 2044 854 2084 Agostirzo.
881 2042 967 2075 Cum
994 2044 1035 2075 sit
1061 2044 1153 2084 quod
1179 2044 1265 2076 alias
1292 2047 1451 2085 magister
1477 2045 1688 2086 Augustinus
1715 2047 1755 2078 de
1782 2046 1967 2087 Bigareilis,

417 2108 506 2139 tilius
532 2107 704 2147 quondam
732 2107 882 2147 magistri
909 2105 1104 2146 Gasparini,
1132 2107 1342 2147 promisserit
1369 2108 1554 2139 reverendo
1581 2108 1661 2139 iuris
1689 2109 1862 2149 utriusque
1889 2110 1970 2141 doc-

368 2205 381 2207 -
418 2170 478 2200 tori
505 2169 643 2200 domino
670 2167 768 2199 Petro
794 2168 834 2199 de
862 2167 1007 2199 Forlivio
1035 2170 1242 2208 procuratori
1249 2195 1299 2201 .....
1341 2171 1613 2201 reverendissimi
1641 2170 1680 2201 D.
1708 2170 1746 2202 D.
1774 2170 1969 2211 Rapliaellis

151 2233 282 2264 diaconi
309 2231 502 2264 Cardinalis
527 2240 565 2262 ac
591 2230 790 2263 Conventus
815 2230 922 2261 sancti
950 2229 1036 2261 Petri
1057 2231 1087 2261 in
1107 2230 1190 2263 Celo
1208 2240 1309 2263 aureo
1337 2231 1440 2272 Papie
1467 2234 1619 2272 perpetui
1647 2234 1898 2271 comendatarii,
1929 2235 1970 2265 de

149 2296 378 2326 construendo
404 2297 435 2326 et
461 2294 609 2326 construi
636 2293 792 2324 faciendo
818 2293 955 2324 chorum
983 2293 1013 2323 in
1040 2293 1184 2324 ecclesia
1211 2294 1315 2324 sancti
1343 2293 1522 2334 Augustini
1551 2293 1665 2334 papie,
1685 2297 1715 2326 et
1734 2295 1885 2335 prefatus
1910 2296 1971 2326 do-

151 2358 261 2389 minus
288 2356 438 2389 Petrus...
466 2357 647 2397 primiserit
674 2356 781 2387 eidem
808 2355 848 2386 de
886 2355 999 2386 dando
1025 2357 1054 2386 et
1081 2356 1247 2387 solvendo
1273 2365 1333 2396 pro
1360 2356 1510 2387 mercede
1550 2366 1609 2396 pro
1628 2358 1854 2388 costructione
1891 2358 1968 2389 dicti

149 2420 241 2451 chori
269 2420 372 2451 libras
399 2419 486 2450 mille
512 2419 692 2450 ducentum
719 2418 922 2457 imperiales,
949 2420 1046 2457 prout
1072 2420 1211 2458 apparet
1238 2419 1268 2448 in
1303 2418 1448 2458 quadam
1487 2418 1608 2450 lista....
1645 2419 1686 2450 de
1723 2428 1788 2459 qua
1830 2425 1969 2460 apparet

151 2482 182 2512 in
209 2481 293 2513 libro
319 2481 448 2522 prefate
473 2481 608 2512 abbatie
635 2481 665 2511 in
692 2480 773 2511 folio
798 2480 872 2511 35...
899 2478 1066 2519 Cumque,
1094 2481 1126 2510 ut
1153 2480 1341 2510 continetur
1368 2480 1398 2510 in
1424 2480 1513 2511 dicta
1553 2480 1649 2518 lista,
1687 2480 1786 2512 fuerit
1824 2490 1971 2513 conven-

151 2546 218 2574 tum
223 2569 274 2575 .....
301 2544 392 2584 quod
420 2544 532 2575 dictus
559 2543 717 2583 magister
742 2542 953 2582 Augustinus
980 2544 1145 2573 teneretur·
1170 2541 1277 2573 facere
1315 2544 1422 2573 certas
1459 2543 1584 2583 figuras
1613 2543 1653 2574 de
1681 2543 1807 2574 rellevo
1833 2546 1864 2574 et
1889 2554 1971 2584 que—

150 2606 226 2637 dam
253 2606 317 2637 alia
343 2606 384 2637 de
411 2605 536 2646 quibus
562 2605 596 2636 fit
622 2605 745 2636 mentio
773 2605 803 2635 in
831 2604 921 2635 dicto
947 2604 1031 2634 libro
1058 2604 1088 2634 in
1116 2603 1196 2634 folio
1226 2605 1316 2635 115...
1344 2613 1417 2635 cum
1444 2605 1592 2636 aditione
1627 2605 1784 2636 librarum
1811 2608 1971 2645 quatuor-

150 2670 282 2699 centum
310 2668 593 2709 vigintiquinque,
620 2676 684 2707 que
711 2676 828 2698 omnes
855 2667 994 2707 pecunie
1021 2667 1207 2698 ascendunt
1233 2667 1274 2697 ad
1302 2676 1466 2698 summam
1487 2667 1644 2698 librarum
1665 2667 1753 2698 mille
1773 2671 1967 2699 sexcentum

210 2825 240 2849 il)
255 2824 311 2845 Vedi
328 2825 372 2845 volv
390 2824 415 2850 ll,
432 2825 483 2845 doci
500 2830 521 2845 n.
537 2824 659 2845 CDxxvu
675 2830 687 2845 e
703 2824 850 2845 CDLXXVll.
1084 2823 1163 2849 frater
1178 2823 1267 2845 Paulus
1282 2824 1310 2844 de
1326 2824 1417 2845 frivolo
1435 2824 1513 2844 (Friuli
1538 2841 1542 2849 ‚
1559 2830 1570 2844 e
1586 2824 1644 2845 irate
1667 2825 1745 2845 Nicola
1762 2825 1790 2845 dc
1807 2825 1930 2845 Belinzona
1954 2825 1965 2845 i·

210 2868 238 2890 ¹21
257 2869 280 2889 ln
296 2875 325 2889 un
341 2870 392 2889 atto
409 2869 430 2889 di
447 2869 550 2890 ricevuta
566 2868 668 2889 d'aitittu
685 2870 767 2894 rogato
783 2868 811 2889 da
828 2868 928 2889 Antonio
950 2867 1031 2888 Clerici
1088 2869 1263 2888 errant-amente
1279 2868 1344 2888 detto
1361 2868 1388 2888 dc
1404 2867 1566 2893 Bellingeriis.

153 2913 174 2933 ai
192 2913 216 2934 10
230 2913 355 2934 novembre
373 2913 423 2935 1506
438 2913 544 2939 ligurano
559 2913 588 2939 gli
604 2913 674 2934 stessi
691 2913 785 2934 membri
801 2913 922 2938 capitolari
939 2913 976 2937 qui
993 2918 1031 2932 no-
1141 2912 1172 2932 Lo
1187 2914 1265 2933 stesso
1281 2912 1398 2938 Capitolu,
1414 2918 1456 2933 con
1472 2914 1523 2933 atto
1539 2914 1621 2937 rogato
1637 2913 1664 2933 dn
1681 2913 1739 2933 (Εἰ-Ἧι
1762 2913 1873 2934 (jiacomo
1895 2913 1966 2934 Canc-

155 2957 206 2982 tati,
221 2962 288 2978 meno
303 2957 362 2978 frate
377 2957 465 2983 Spirito
480 2957 509 2978 da
524 2957 612 2978 Milano
628 2957 656 2978 ed
671 2957 798 2978 Ottaviano
814 2957 842 2977 da
859 2956 972 2982 Palestro,
988 2962 1000 2977 e
1011 2957 1031 2977 vi
1088 2956 1135 2976 vari
1151 2956 1171 2976 ai
1187 2956 1213 2977 25
1228 2956 1362 2981 novembre,
1386 2957 1488 2978 concede
1510 2962 1522 2978 a
1545 2956 1682 2978 Giacomino
1706 2958 1799 2978 anzari
1822 2958 1842 2978 di
1866 2958 1966 2978 vendere

154 3001 166 3021 6
181 3001 203 3021 in
219 3000 256 3027 piu
272 3001 331 3022 irate
346 3001 451 3022 Seratino
466 3002 495 3022 da
517 3001 539 3023 S.
562 3001 658 3027 Angeia.
675 3001 697 3022 Si
713 3001 760 3022 noti
777 3001 814 3027 poi
835 3001 876 3022 che
899 3000 956 3022 irate
979 3001 1032 3021 Ber·
1087 3000 1144 3021 dieci
1161 3001 1264 3026 pertiche
1286 3001 1308 3021 di
1331 3002 1391 3022 terra
1408 3001 1429 3022 in
1445 3001 1556 3022 Garlasco
1579 3004 1675 3027 gravate
1700 3002 1722 3022 di
1746 3008 1774 3022 uu
1796 3008 1873 3022 annuo
1895 3008 1966 3023 censo

154 3044 227 3066 nardo
242 3045 271 3066 da
287 3045 357 3066 Pavia
372 3046 408 3067 nel
429 3046 570 3067 documento
591 3045 628 3066 dcl
646 3046 669 3067 10
683 3046 809 3067 novembre
830 3046 842 3066 ὲ
867 3046 932 3066 detto
951 3045 1031 3071 frater
1085 3050 1153 3065 verso
1168 3044 1182 3064 il
1197 3044 1328 3071 Cunvento,
1344 3045 1430 3071 purclie
1445 3045 1511 3066 detto
1526 3051 1597 3067 censo
1612 3046 1630 3066 si
1647 3046 1719 3067 tuccia
1744 3052 1840 3071 gravare
1855 3052 1882 3066 su
1899 3046 1920 3066 di
1936 3051 1965 3066 un

155 3088 294 3110 Bernartius
308 3089 336 3110 de
353 3089 468 3115 σνορειο,
483 3089 543 3111 frate
565 3089 636 3111 Paoio
652 3090 681 3111 de
698 3090 796 3112 Undena
818 3089 911 3114 (Udine)
932 3089 943 3110 ὲ
966 3089 1032 3110 deno
1087 3089 1147 3110 altro
1161 3091 1349 3116 appezzamento
1364 3090 1385 3110 di
1403 3091 1502 3112 terreno.
