2305 3407
1950 151 2014 182 217

200 293 270 325 fieri
296 293 404 324 facere
430 291 654 323 ellimosinam
682 290 906 331 plaustrorum
933 291 1078 329 quatuor
1104 288 1268 329 lignorum
1297 289 1391 318 iuxta
1416 287 1549 318 solitum
1576 287 1749 326 antiquum
1769 286 2016 325 singuloanno,

200 358 261 387 etc.
288 355 326 386 Et
352 356 479 385 matura
505 353 748 385 deliberatione
776 352 889 383 habita
915 360 1018 392 super
1043 351 1230 391 premissis,
1257 350 1424 385 ordinant,
1451 349 1542 389 quod
1570 358 1630 389 pro
1658 349 1801 388 presenti
1829 357 1916 378 anno
1935 348 2017 378 elar-

199 417 331 458 giantur
356 419 386 447 et
411 417 589 456 erogentur
615 423 673 455 per
699 414 857 445 dominos
883 413 1035 444 sindicos
1062 412 1212 453 prefatae
1238 410 1464 443 Comunitatis
1483 420 1524 442 ex
1546 411 1698 450 pecuniis
1724 410 1902 449 exigendis
1928 419 2016 439 {inno

201 478 346 519 presenti
372 487 390 509 a
417 477 621 508 fictabilibus
647 476 818 516 predictae
844 474 1072 507 Comunitatis
1099 476 1195 505 scuta
1221 474 1288 504 duo
1316 473 1406 504 ltalie
1432 482 1532 503 aurea
1560 481 1619 512 pro
1649 472 1825 503 elimosina
1865 472 1939 502 loco
1965 480 2018 501 as—

201 543 364 572 sertorum
392 540 616 580 plaustrorum
643 540 787 578 quatuor
814 538 991 577 lignorum,
1019 537 1132 567 liabita
1158 540 1267 566 tamen
1296 544 1353 575 per
1380 535 1474 575 ipsos
1512 535 1670 565 dominos
1707 534 1859 564 sindicos
1885 532 2017 563 confes-

201 603 295 635 sione
321 611 338 633 a
366 602 558 633 venerando
585 599 744 641 Capitulo
770 603 801 631 et
827 599 1038 630 Monasterio
1065 599 1216 638 ipsorum
1243 598 1454 628 dominorum
1483 596 1630 627 Fratrum
1658 598 1687 626 et
1714 605 1772 626 seu
1799 605 1816 626 a
1844 595 2016 635 legiptimo

199 665 330 697 sindico
357 663 475 705 prefati
513 663 719 700 monasterii,
757 662 965 702 legiptimum
1004 661 1150 701 speciale
1190 660 1384 690 mandatum
1411 659 1452 689 ad
1481 659 1542 689 lioc
1570 658 1725 695 habente,
1752 666 1824 688 cum
1852 665 2015 697 expressa

200 726 460 767 protestacimre,
488 725 655 762 videlicet,
693 724 784 764 quod
818 724 905 754 dicta
943 723 1128 754 elemosina
1155 732 1196 753 ex
1225 721 1412 752 urbanitate
1438 724 1468 751 et
1495 720 1631 751 caritate
1658 719 1827 759 agentium
1855 728 1915 759 pro
1942 719 2016 758 ipsa

200 789 378 829 magnifica
405 787 621 820 Comunitate
647 787 838 818 condonata
865 785 925 816 fuit
951 788 981 816 et
1007 785 1228 821 ctnitlonatur,
1255 784 1337 815 citra
1364 785 1472 814 tamen
1501 791 1633 822 semper
1659 782 1806 813 animum
1835 781 2015 811 inducendi

200 851 346 891 aliquam
373 850 634 890 obligacionem,
661 849 724 879 nisi
751 848 793 879 ad
821 848 1068 888 beneplacitum
1097 846 1246 887 prefatae
1271 844 1509 882 Cmminitatis,
1535 848 1565 876 et
1592 853 1666 875 cum
1703 844 1948 874 renuntiatume
1964 852 2019 873 cu-

201 914 399 953 iuscumque
425 913 514 944 soliti
541 921 578 943 ac
604 911 819 952 exceptionis
857 920 921 950 que
958 910 1058 941 obiici
1086 911 1203 950 posset
1235 910 1371 948 propter
1397 910 1585 948 presentem
1613 906 1844 938 ellemosinam
1872 915 1932 936 nee
1960 914 2018 945 per

199 975 346 1015 aliquam
373 974 471 1006 aliam
498 983 599 1014 quarn
627 973 815 1004 habuerunt
843 982 902 1012 pro
929 972 1095 1012 preteritis
1122 971 1342 1012 temporibus,
1377 970 1454 1010 quia
1482 970 1513 1000 itl
1542 969 1695 1009 provenit
1723 977 1780 998 nec
1807 968 1929 999 factum
1957 967 2017 998 fuit

198 1037 312 1077 aliqua
338 1037 403 1068 alia
429 1045 470 1067 ex
497 1045 601 1067 causa
627 1044 727 1076 quam
756 1044 813 1075 per
840 1034 1088 1074 beneplacitum
1115 1036 1145 1065 et
1172 1043 1231 1074 pro
1258 1033 1435 1064 elimosina
1462 1031 1611 1072 prefatae
1632 1031 1829 1071 magnificae
1856 1028 2019 1062 Comuni-

199 1100 287 1136 tatis,
314 1102 345 1130 et
372 1107 437 1129 non
465 1098 658 1139 elargienda
686 1099 716 1128 in
744 1097 890 1128 futurum
919 1098 949 1127 in
977 1097 1061 1137 pluri
1091 1096 1140 1127 vel
1169 1096 1286 1126 minori
1326 1095 1510 1135 quantitate
1545 1094 1608 1125 nisi
1635 1093 1676 1124 ad
1705 1093 1951 1133 beneplacitum
1979 1101 2016 1123 ac

200 1163 227 1193 si
252 1164 282 1193 et
309 1164 408 1202 prout
434 1162 497 1202 ipsi
526 1161 723 1201 magnificae
761 1159 967 1192 Comunitati
1008 1158 1134 1199 Papiae
1160 1161 1191 1189 et
1216 1158 1396 1199 agentibus
1435 1166 1493 1197 pro
1520 1165 1556 1187 ea
1585 1156 1755 1186 videbitur
1788 1158 1818 1186 et
1845 1155 2017 1195 placuerit,

200 1227 230 1255 et
257 1233 322 1255 non
348 1224 444 1255 aliter
462 1222 522 1262 (1).

1014 1368 1212 1409 CMIX.

286 1481 314 1508 Il
340 1480 502 1516 Capitolo
528 1480 563 1508 di
589 1480 623 1507 S.
650 1479 824 1514 Agostino
850 1478 894 1506 da
921 1477 1133 1506 investitura
1159 1477 1266 1505 d’una
1291 1476 1397 1512 vigna
1424 1476 1457 1503 in
1484 1475 1672 1504 Stradella.

1339 1589 1415 1614 19.

798 1592 954 1623 1646,
986 1591 1307 1621 dioembre‚

736 1681 813 1701 *Arcu
831 1680 912 1701 Notar.
929 1679 950 1700 di
968 1679 1038 1700 Pavia
1054 1690 1078 1692 —
1094 1679 1142 1700 Atti
1159 1678 1180 1699 di
1197 1677 1340 1699 Alessandro
1356 1677 1457 1707 Folperti
1475 1693 1479 1697 .

446 1858 631 1885 ADUNATO
657 1853 680 1884 il
706 1852 858 1893 CapItolo
885 1851 919 1883 di
943 1851 976 1884 S.
1002 1851 1174 1891 Agostino,
1201 1851 1242 1882 de
1270 1850 1429 1881 mandato
1456 1849 1632 1881 reverendi
1660 1848 1787 1879 domini
1814 1846 1926 1878 fratris
1952 1855 2021 1877 ma-

280 1841 379 1956 R
467 1916 562 1957 gistri
589 1915 634 1946 10.
661 1914 813 1955 Baptiste
839 1914 879 1945 de
906 1912 1166 1954 Carmagnola...
1208 1911 1346 1949 Primis,
1373 1912 1404 1943 in
1431 1921 1532 1952 quo...
1573 1911 1707 1942 fuerunt
1745 1919 1818 1941 cum
1845 1919 1884 1940 eo
1922 1908 2023 1940 frater

387 2014 399 2015 ἶ
469 1978 671 2009 Fortunatus
695 1977 736 2008 de
762 1975 905 2014 Cerano‚
932 1975 1033 2007 frater
1058 1975 1220 2006 Nicolaus
1246 1975 1287 2006 de
1314 1975 1415 2006 Lenta
1453 1974 1621 2014 subprior,
1660 1972 1758 2004 frater
1785 1972 1828 2003 lo.
1855 1971 2022 2002 Antonius

202 2041 243 2072 de
269 2039 433 2081 Gropello
451 2037 512 2079 (2),
538 2039 639 2071 frater
664 2039 863 2070 Laurentius
889 2039 929 2070 de
956 2037 1072 2078 Papia,
1098 2037 1200 2069 frater
1225 2037 1377 2068 Iacomus
1402 2037 1442 2067 de
1470 2035 1586 2076 Papia,
1612 2035 1712 2066 frater
1739 2034 1952 2075 Augustinus
1978 2033 2019 2063 de

259 2198 288 2221 (1)
303 2197 367 2218 Altra
392 2197 459 2222 copia
484 2196 506 2216 di
532 2196 669 2222 quest'atto
686 2196 704 2216 si
722 2197 787 2216 trova
813 2195 872 2215 nello
897 2197 975 2215 stesso
998 2194 1082 2214 Museo
1138 2195 1257 2219 prestatur
1273 2198 1314 2218 per
1330 2193 1407 2213 dictos
1423 2192 1520 2213 heredes
1536 2191 1590 2212 dieti
1608 2190 1725 2216 quondam
1743 2190 1819 2215 lacopi
1836 2190 1864 2210 de
1880 2189 1983 2214 Vegiis...
1996 2193 2017 2209 ct

205 2242 361 2267 (Atramenti,
378 2243 434 2262 cart.
450 2242 463 2262 5
480 2258 482 2261 .
501 2241 609 2261 Noti-amo
626 2241 663 2266 poi
684 2241 726 2261 clie
741 2240 778 2265 gia
793 2240 814 2260 ai
830 2240 842 2260 ὓ
858 2239 962 2260 febbraio
978 2239 1014 2259 del
1033 2239 1090 2264 1545,
1141 2238 1300 2264 proprietates
1316 2244 1342 2258 ex
1359 2238 1445 2263 quibus
1461 2237 1536 2262 ipsum
1554 2236 1632 2256 fictum
1649 2235 1748 2256 debetur
1760 2235 1838 2260 quoatl
1850 2234 1963 2254 directum
1980 2234 2020 2253 tlo-

206 2292 272 2307 come
287 2286 368 2307 risulta
384 2286 445 2311 dagli
461 2286 503 2306 atti
520 2285 541 2305 di
559 2285 718 2310 Provvisione,
736 2290 808 2310 paceo
827 2284 857 2308 1⁴,
874 2283 998 2304 l'autorita
1010 2288 1088 2304 comu-
1143 2283 1236 2303 minium
1246 2290 1265 2307 ν,
1282 2288 1326 2303 non
1342 2282 1364 2302 al
1379 2283 1503 2305 convento,
1520 2287 1555 2301 ma
1571 2286 1583 2301 a
1600 2280 1719 2301 Bernardo
1735 2285 1746 2300 e
1763 2279 1853 2300 Matteo
1869 2279 1952 2299 fratelli
1968 2278 2021 2299 Sa(-

206 2331 257 2352 nale
271 2336 345 2352 aveva
361 2331 470 2356 disposto
487 2330 549 2356 quod
567 2330 594 2350 D.
611 2329 719 2350 Sindicus
744 2328 811 2352 fatiat
836 2328 1007 2350 confessionem
1024 2328 1086 2348 liere—
1141 2328 1212 2348 clietti
1228 2327 1326 2348 facendo
1349 2327 1398 2347 loro
1414 2326 1509 2351 obbligo
1525 2325 1546 2345 di
1563 2332 1573 2341 n
1585 2325 1672 2345 tlictum
1685 2324 1764 2345 fictum
1781 2326 1802 2344 et
1820 2324 1977 2349 proprietates
1993 2328 2020 2343 cx

207 2376 276 2396 dibus
291 2375 409 2401 quondam
426 2375 540 2400 magnifici
558 2374 584 2395 Dr
601 2374 678 2395 Caroli
701 2374 816 2394 Ambrosii
833 2373 861 2394 de
877 2373 1044 2394 Mediisbarbis
1059 2378 1086 2393 ac
1141 2372 1227 2398 quibus
1242 2372 1318 2397 ipsum
1342 2371 1421 2391 fictum
1444 2370 1542 2391 debetur
1559 2375 1599 2395 per
1614 2370 1689 2395 ipsum
1707 2369 1735 2389 tle
1751 2368 1837 2394 Vegiis,
1853 2368 1908 2388 <lare
1924 2369 1946 2388 et
1962 2367 2019 2388 assi-

208 2420 335 2441 reverendo
352 2419 379 2441 D.
396 2419 476 2440 Marco
492 2419 593 2440 Antonio
611 2418 741 2439 lximbardo
757 2424 798 2443 pro
815 2418 876 2438 fictis
895 2417 981 2438 debitis
996 2422 1008 2437 a
1025 2416 1084 2437 festo
1139 2422 1209 2442 gnare
1225 2416 1336 2442 predicis
1352 2415 1524 2436 venerabilibus
1549 2414 1649 2434 doniinis
1674 2413 1746 2434 Priori
1763 2415 1784 2434 et
1802 2413 1921 2433 Fratribus
1942 2418 2019 2432 mona-

208 2464 232 2486 S.
247 2464 289 2485 Siri
306 2465 409 2490 proxime
426 2464 530 2490 preteriti
546 2465 608 2484 retro
625 2463 729 2489 prefatae
745 2463 881 2488 magnificae
892 2462 1029 2483 coniunitati
1046 2467 1088 2487 pro

208 2509 361 2530 sediminibus
386 2511 450 2529 extra
466 2510 557 2534 portam
579 2508 722 2529 Calcinariae
738 2509 760 2528 et
776 2513 817 2533 per
832 2513 873 2528 eos
889 2507 973 2528 solutis
995 2507 1087 2527 nomine

209 2552 313 2579 prefatae
329 2553 465 2579 magnificae
481 2552 637 2584 Coriiiinitatis
659 2552 784 2573 conventui
806 2552 880 2572 sancti
904 2551 968 2572 Pauli
985 2557 1026 2577 pro
1042 2551 1086 2572 ele-

209 2597 307 2618 mosina.
324 2597 351 2618 Et
366 2597 452 2618 amodo
467 2597 489 2617 in
504 2598 573 2618 antea
599 2597 642 2622 ipsi
668 2596 783 2617 fictabiles
807 2597 884 2622 ipsum
901 2596 979 2616 fictum
996 2596 1087 2616 solvere

208 2641 309 2662 debeant
325 2641 430 2667 prefatae
446 2641 582 2666 magnificae
598 2641 745 2662 comunitati.

263 2686 268 2705 l
285 2685 379 2706 membri
395 2686 517 2711 capitulari
533 2685 554 2706 di
567 2685 589 2706 S.
603 2685 674 2706 Paulo
690 2685 711 2706 iu
728 2685 876 2711 quest'anno
888 2685 906 2705 ci
919 2690 977 2705 sono
994 2684 1044 2704 fatti
1056 2690 1092 2704 co-

211 2735 307 2750 noscere
330 2729 358 2750 da
382 2735 411 2750 un
433 2731 484 2750 atto
507 2731 590 2754 rogato
613 2729 641 2750 da
665 2729 741 2750 Guido
762 2729 880 2755 Mangano
896 2729 916 2749 ai
935 2729 958 2749 18
974 2729 1090 2749 diccmbre

213 2774 271 2799 1545,
287 2773 322 2794 nel
338 2774 407 2799 quale
430 2775 481 2794 atto
503 2773 622 2795 ricordato
638 2774 651 2794 il
668 2775 810 2794 testamento
826 2773 862 2794 del
878 2773 955 2794 nobile
979 2772 1090 2794 Riccardo

210 2817 328 2839 Sacchetti
344 2817 380 2839 del
398 2818 455 2841 1523,
472 2824 515 2839 con
531 2818 566 2839 cui
582 2818 684 2839 lasciava
700 2818 721 2838 al
737 2817 859 2839 convento
877 2818 917 2838 lire
935 2817 972 2838 160
986 2823 1000 2838 ο
1015 2817 1090 2838 fiorini

214 2862 265 2887 100;
281 2861 398 2883 ricordato
421 2863 494 2883 anche
510 2862 524 2883 11
540 2863 683 2883 testamento
705 2862 740 2883 del
757 2862 779 2883 fu
796 2862 896 2883 Antonio
912 2861 1089 2887 Montefaxano,

212 2906 278 2927 detto
294 2905 322 2927 de
337 2906 420 2932 Bouto,
436 2911 479 2927 eon
495 2906 530 2927 cui
547 2907 648 2928 lasciava
663 2907 685 2927 al
701 2906 824 2928 Convento
847 2914 857 2923 «
873 2911 1021 2933 quecumque
1037 2905 1091 2926 ficta

210 2952 300 2971 retenta
316 2956 357 2977 per
371 2950 469 2972 liei-edes
485 2951 603 2977 quondam
619 2951 696 2977 lacopi
713 2951 741 2972 de
756 2951 835 2977 Vegiis
850 2951 879 2972 de
895 2950 1049 2977 Calignano...
1061 2950 1090 2971 de

211 2995 282 3016 certis
297 2995 392 3016 terris...
407 2995 430 3016 in
446 2995 564 3017 territorio
579 2995 622 3017 loci
634 2995 755 3021 Calignani
765 3003 785 3022 »‚
797 2996 834 3017 dal
844 2995 935 3017 Bobbio
946 2995 1048 3016 investiti
1064 2994 1085 3015 ai

210 3038 239 3059 de
254 3038 328 3065 Vegii‚
345 3039 464 3061 lasciando
480 3039 545 3065 pero,
561 3047 572 3057 α
582 3040 662 3061 fictum
677 3040 754 3066 ipsum
766 3040 830 3066 quod
839 3040 969 3061 omnianno
978 3039 1047 3060 datur
1062 3040 1085 3060 et

1143 2461 1242 2482 διετῆ...
1259 2461 1332 2481 santti
1350 2460 1422 2485 Pauli,
1438 2460 1489 2481 loco
1505 2460 1527 2480 et
1544 2465 1585 2483 pro
1601 2459 1707 2479 incontro
1723 2458 1792 2483 legati
1817 2457 1875 2478 alias
1899 2457 1953 2478 facti
1970 2463 2020 2483 pre>

1142 2506 1205 2526 dicto
1221 2505 1363 2526 monasterio
1386 2510 1425 2531 per
1448 2504 1565 2530 quondam
1593 2503 1739 2529 magnificum
1755 2502 1874 2523 doniinuin
1898 2501 2020 2523 Ricardum

1140 2550 1264 2572 Saetietum
1275 2558 1294 2576 »,
1310 2549 1410 2570 volendo
1425 2554 1465 2570 ora
1482 2549 1486 2569 i
1503 2548 1560 2569 detti
1570 2547 1779 2568 fratelliSacclietti
1794 2547 1914 2572 adempire
1929 2546 1973 2567 alla
1982 2552 2021 2566 vo>

1142 2595 1205 2616 lonta
1220 2595 1257 2615 del
1273 2596 1396 2619 testatore,
1421 2593 1511 2614 cedono
1535 2593 1556 2613 al
1581 2592 1691 2618 Capitolo
1706 2592 1728 2612 di
1744 2591 1766 2612 S.
1784 2591 1856 2612 Paolo
1872 2591 1877 2611 i
1893 2591 1951 2611 detti
1968 2591 2019 2611 beni

1141 2639 1229 2660 fasciati
1246 2640 1304 2663 loro,
1321 2640 1409 2664 quanto
1424 2638 1445 2658 al
1461 2638 1547 2658 diretto
1558 2637 1669 2660 dominio,
1686 2636 1714 2657 da
1731 2636 1832 2657 Antonio
1848 2635 1876 2656 da
1893 2635 1991 2656 Bobbio.

1202 2684 1216 2704 ll
1232 2689 1302 2704 censo
1318 2684 1359 2703 clie
1375 2683 1392 2703 si
1409 2683 1486 2703 ricava
1502 2681 1530 2702 da
1547 2681 1604 2702 detti
1628 2681 1679 2701 beni
1704 2681 1741 2701 siti
1765 2681 1786 2701 iu
1809 2680 1936 2705 Calignano
1952 2685 2019 2701 tsono

1148 2728 1192 2748 due
1213 2726 1394 2753 appezzamenli
1417 2726 1431 2746 l'
1443 2731 1488 2746 uno
1504 2725 1525 2746 di
1541 2726 1554 2746 9
1569 2725 1682 2751 perticlie,
1707 2724 1788 2745 l'altro
1804 2723 1826 2744 di
1841 2723 1863 2743 fil
1878 2723 1981 2743 consiste
1997 2723 2019 2742 in

1144 2772 1157 2793 3
1171 2771 1248 2792 saccui
1265 2771 1286 2791 di
1302 2770 1418 2791 fruniento
1433 2770 1471 2790 all'
1480 2775 1549 2795 ailino,
1561 2769 1589 2790 da
1601 2768 1703 2795 pagarsi,
1715 2769 1773 2789 oltrc
1785 2768 1814 2793 gli
1825 2767 1942 2792 arrctrati,
1959 2766 2019 2792 dagli

1146 2816 1209 2837 credi
1226 2816 1259 2837 De
1274 2815 1361 2841 Vegiis.
1378 2815 1393 2836 ll
1409 2815 1519 2841 Capitolo
1534 2814 1556 2835 di
1572 2814 1595 2835 S.
1613 2813 1685 2835 Paolo
1708 2814 1749 2834 clie
1765 2814 1856 2834 accetta
1873 2812 1887 2832 il
1903 2812 1980 2838 legato
2007 2811 2019 2831 ‘c

1144 2862 1270 2886 coniposto
1294 2860 1330 2881 dei
1346 2859 1452 2885 seguenti
1469 2859 1584 2885 religiosi:
1610 2858 1681 2879 frater
1703 2857 1790 2879 Paulus
1805 2857 1833 2877 de
1849 2856 1930 2877 cuovo
1946 2855 2020 2880 Prior,

1145 2905 1217 2926 frater
1232 2905 1342 2926 Nicolaus
1358 2904 1386 2925 de
1401 2903 1540 2925 Alexandria
1565 2903 1674 2928 vicarius,
1698 2902 1769 2923 frater
1791 2901 1906 2922 Pacificus
1922 2900 1950 2921 de
1965 2900 2021 2921 Gar-

1146 2950 1234 2975 lasclio,
1250 2949 1322 2970 frater
1334 2949 1369 2980 lo.
1387 2948 1502 2970 Antonius
1519 2947 1548 2969 de
1563 2947 1674 2973 Sezadio,
1690 2946 1761 2968 frater
1773 2945 1881 2968 Clemens
1896 2945 1924 2965 de
1940 2944 2021 2969 Papia,

1141 2994 1212 3015 frater
1227 2993 1336 3015 Aurelius
1351 2993 1379 3014 de
1396 2992 1494 3017 Luzarii,
1511 2991 1582 3013 frater
1594 2991 1722 3013 leronimus
1737 2991 1766 3012 de
1781 2990 1881 3011 Mutina.

1196 3032 1334 3063 12)1-’;ῑι·;1ῑε
1356 3037 1470 3059 Giovanni
1493 3036 1594 3058 Antonio
1617 3035 1714 3060 ferrari,
1737 3040 1803 3057 corne
1826 3034 1907 3055 risulta
1933 3033 1969 3054 dal
1985 3038 2021 3054 se>

1990 3085 2017 3106 28
