2305 3407
318 215 432 243 xxxiv

314 344 445 376 Fratres
470 346 501 375 et
533 343 736 374 conventum
762 349 800 372 ac
834 338 1042 381 Religionem
1069 338 1178 378 ipsam
1206 337 1237 368 in
1270 335 1449 376 corporali,
1484 335 1562 366 reali
1589 338 1619 366 et
1651 334 1772 366 actuali
1804 335 2025 375 possessione
2058 336 2135 368 dicti

314 415 506 447 monasterii
535 414 723 453 iuriumque
749 414 779 443 et
813 410 1038 442 membrorum
1064 408 1215 440 eiusdem
1233 432 1328 439 .....
1359 407 1577 444 manuteneri,
1603 406 1697 443 tueri,
1724 405 1858 437 defendi
1884 409 1915 437 et
1941 408 2135 439 conservari

312 491 343 519 et
358 488 454 528 ipsos
472 487 620 526 desuper
638 485 753 525 aliquo
773 484 885 520 modo,
900 492 918 514 a
934 489 1106 522 quoquam
1126 478 1308 515 molestari,
1323 478 1521 518 perturbari,
1537 477 1713 518 inquietari
1732 480 1763 508 et
1782 477 1935 517 impediri
1955 478 2138 511 mandavit.

313 559 578 598 mandatumque
604 557 644 588 de
679 554 930 587 manutenendo
963 553 1112 592 desuper
1145 550 1374 582 necessarium
1400 551 1431 580 et
1460 551 1688 589 opportunum
1723 549 1871 580 decrevit
1904 551 1935 580 et
1961 549 2138 587 relaxavit,

312 632 411 668 prout
429 633 460 660 et
480 637 542 660 nos
560 628 705 659 etiam....
732 626 970 657 mandavimus
1000 623 1264 661 mandatumque
1282 621 1323 652 de
1343 620 1602 658 manutenendo,
1621 620 1838 652 defendendo
1857 623 1887 651 et
1905 621 2140 652 conservando

312 702 343 732 in
370 701 475 732 torma
509 700 609 731 solita
643 701 673 730 et
706 699 869 729 consueta
903 695 1118 726 decernimus
1151 695 1181 724 et
1213 692 1434 724 concedimus
1466 701 1523 732 per
1557 693 1742 732 presentes.
1772 691 1868 729 Quae
1902 692 2013 723 omnia
2039 692 2140 724 vobis

310 772 470 804 omnibus
503 770 750 811 suprascriptis
785 768 992 805 intimamus,
1027 766 1241 796 insinuamus
1273 767 1304 795 et
1338 764 1640 795 notificamus...
1674 772 1731 804 per
1762 766 1947 803 presentes,
1973 764 2141 805 vobisque

311 843 532 875 nihilominus
559 843 589 873 et
616 843 764 871 vestrum
791 839 929 870 cuilibet
955 838 986 868 in
1014 837 1134 868 virtute
1160 838 1297 867 sanctae
1324 835 1538 866 obedientiae
1563 835 1628 866 sub
1653 835 1982 866 excomunicationis
2009 844 2140 875 pena...

312 914 554 946 committimus
588 916 619 943 et
653 911 855 942 mandamus
893 911 1062 949 quatenus
1099 907 1210 939 statim
1246 907 1389 947 receptis
1426 906 1643 946 presentibus
1675 909 1704 937 et
1738 909 1920 946 postquam
1956 915 2015 946 pro
2048 909 2141 947 parte

311 987 476 1017 dictorum
497 984 623 1015 Prioris
642 982 779 1013 fratrum
799 983 990 1013 conventus
1008 982 1039 1011 et
1057 979 1292 1019 religiosorum
1311 978 1441 1009 fueritis
1459 978 1656 1018 requisiti....
1681 978 1819 1009 eosdem
1839 978 1994 1018 priorem,
2012 977 2142 1015 fratres,

311 1060 516 1089 conventum
544 1059 575 1086 et
600 1054 798 1095 religionem
826 1053 856 1083 in
876 1051 1054 1092 corporali,
1074 1050 1153 1082 reali
1179 1052 1211 1081 et
1236 1050 1357 1081 actuali
1385 1050 1606 1090 possessione
1633 1049 1711 1080 dicti
1732 1050 1924 1080 monasterii
1953 1049 2142 1090 iuriumque

312 1132 342 1160 et
369 1128 594 1159 membrorum
620 1125 856 1157 eiusdem....
884 1124 915 1155 in
942 1132 1008 1163 qua
1034 1123 1218 1154 extiterunt
1243 1123 1274 1152 et
1299 1121 1450 1152 existunt
1476 1121 1516 1152 de
1544 1121 1702 1161 presenti,
1728 1121 1896 1152 adversus
1931 1121 2144 1152 venerandas

315 1199 496 1231 Monialles
516 1198 639 1229 Beatae
666 1196 773 1228 Marie
799 1195 929 1227 Montis
948 1193 1073 1226 Oliveti
1103 1193 1379 1234 congregationis
1397 1191 1503 1224 Vallis
1534 1191 1722 1224 Umbrosae
1751 1192 1880 1223 ordinis
1907 1191 1943 1223 B.
1969 1191 2143 1224 Benedicti

312 1276 343 1304 et
358 1279 594 1312 quoscumque
609 1269 741 1301 alios....
760 1277 820 1308 pro
839 1267 922 1299 iuris
947 1269 978 1298 et
996 1265 1073 1297 facti
1093 1267 1288 1306 opportuno
1307 1264 1466 1301 remedio,
1486 1264 1743 1301 manuteneatis,
1762 1264 1933 1299 tueamini,
1953 1263 2146 1295 defendatis

314 1347 345 1376 et
371 1343 583 1375 conservetis
608 1350 646 1372 ac
672 1339 892 1377 manuteneri,
918 1339 1012 1375 tueri,
1039 1337 1175 1369 defendi
1202 1338 1234 1368 et
1266 1336 1461 1368 conservari
1487 1344 1525 1366 ac
1551 1335 1592 1366 de
1616 1335 1797 1367 fructibus.
1814 1361 1820 1366 .
1837 1360 1865 1366 ..
1900 1335 2062 1375 predictis
2087 1344 2145 1375 per

314 1422 547 1456 quoscumque
573 1413 724 1449 colonos,
752 1411 948 1451 inquilinos,
981 1410 1202 1446 laboratores,
1228 1407 1437 1439 affictuarios
1463 1409 1493 1438 et
1526 1406 1613 1438 alios
1640 1415 1874 1447 quoscumque
1908 1406 2144 1438 debitores...

316 1486 513 1526 responderi
540 1487 571 1516 et
597 1483 753 1515 satisfieri
780 1482 903 1513 fecisse
929 1483 960 1512 et
986 1480 1193 1521 permisisse.
1221 1479 1360 1520 Insuper
1386 1479 1486 1510 modo
1511 1480 1542 1509 et
1567 1477 1674 1509 forma
1701 1478 1899 1518 praemissis
1925 1478 2091 1509 moneatis
2115 1480 2146 1509 et

317 1557 498 1598 requiratis
532 1556 651 1596 primo,
678 1554 839 1592 secundo,
866 1553 963 1585 tertio
995 1554 1026 1584 et
1053 1551 1240 1592 perentorie
1265 1550 1402 1582 easdem
1429 1549 1612 1581 Monialles
1646 1549 1681 1580 Β.
1716 1549 1822 1580 Marie
1849 1549 1978 1580 Montis
2010 1548 2146 1586 Oliveti,

316 1630 471 1669 aliosque
498 1627 734 1658 molestatores
761 1627 928 1665 quatenus
944 1649 1036 1655 .....
1063 1623 1095 1654 in
1122 1623 1243 1654 virtute
1270 1624 1407 1653 sanctae
1432 1621 1646 1653 obedientiae
1672 1624 1702 1652 et
1728 1621 1793 1653 sub
1818 1621 2147 1652 excomunicationis

317 1701 462 1741 aliisque
496 1698 739 1731 ecclesiasticis
773 1697 950 1728 sententiis
976 1698 1007 1727 et
1040 1695 1194 1726 censuris
1226 1703 1264 1726 ac
1300 1694 1388 1725 mille
1419 1693 1618 1724 ducatorum
1652 1693 1723 1724 auri
1756 1701 1907 1724 camerae
1937 1692 2147 1733 apostolicae

318 1771 534 1812 applicandis
561 1770 668 1810 penis,
695 1768 932 1800 debeant....
958 1767 999 1798 de
1025 1769 1055 1798 et
1081 1775 1186 1807 super
1211 1766 1300 1797 dicto
1335 1765 1540 1797 monasterio
1566 1765 1724 1805 illiusque
1751 1764 1891 1805 pacifica
1917 1766 1947 1795 et
1973 1764 2085 1804 quieta
2110 1772 2148 1795 ac

319 1852 467 1883 congrua
494 1841 761 1882 possessione...
787 1847 956 1877 cessasse,
982 1838 1155 1870 destitisse
1181 1840 1212 1869 et
1231 1846 1266 1869 se
1293 1838 1429 1878 penitus
1458 1837 1710 1868 abstinuisse...
1736 1838 1766 1868 et
1792 1836 2008 1877 presentibus
2025 1836 2150 1867 nostris

323 1915 428 1946 literis
455 1915 485 1944 in
513 1913 673 1944 omnibus
699 1913 729 1943 et
755 1920 814 1952 per
839 1911 952 1942 omnia
979 1910 1134 1950 paruisse
1159 1911 1190 1941 et
1216 1909 1416 1941 obedivisse
1441 1911 1473 1940 et
1498 1909 1538 1940 de
1572 1909 1737 1949 paritione
1763 1908 1847 1939 intra
1873 1908 1991 1948 viginti
2021 1908 2149 1939 dierum

322 1987 469 2027 spatium
496 1993 608 2017 coram
635 1984 735 2015 nobis
761 1983 921 2014 docuisse
947 1984 977 2014 et
1003 1982 1269 2019 demonstrasse,
1297 1989 1361 2012 una
1387 1989 1462 2012 cum
1488 1989 1602 2012 eorum
1629 1980 1769 2018 iuribus,
1785 1980 1812 2011 si
1839 1988 1903 2020 que
1930 1979 2052 2011 habere
2079 1988 2153 2020 pre-

322 2058 460 2090 tendant
486 2057 655 2088 adversus
681 2055 954 2096 premissa.....
980 2055 1012 2084 et
1045 2053 1267 2084 nihilominus
1301 2051 1402 2083 modo
1428 2054 1458 2083 et
1484 2051 1590 2082 forma
1624 2051 1807 2091 praedictis
1841 2051 2022 2082 inhibeatis
2053 2052 2152 2091 prout

323 2139 385 2161 nos
410 2132 441 2161 et
468 2132 581 2160 tenore
609 2127 816 2168 presentium
844 2126 1037 2157 inhibemus
1063 2125 1191 2156 eisdem
1218 2124 1425 2155 monialibus
1450 2126 1482 2155 et
1513 2123 1829 2154 molestatoribus..
1847 2148 1875 2153 ..
1902 2122 2046 2162 aliisque
2072 2131 2154 2162 qua-

323 2211 468 2242 cumque
495 2201 706 2236 auctoritate,
733 2198 897 2239 dignitate
923 2206 962 2229 ac
988 2196 1096 2228 offitio
1123 2195 1426 2237 fungentibus...
1454 2204 1505 2233 ne,
1531 2195 1617 2226 visis
1643 2194 1870 2235 presentibus,
1889 2194 1929 2225 de
1954 2195 2073 2229 cetero,
2090 2194 2154 2225 sub

324 2273 512 2309 sententiis,
528 2271 682 2303 censuris
701 2273 732 2301 et
751 2270 872 2310 poenis
897 2269 1077 2300 antedictis
1102 2268 1240 2299 eosdem
1268 2268 1424 2308 priorem,
1449 2266 1578 2303 iratres,
1605 2268 1808 2298 conventum
1827 2274 1866 2297 ac
1893 2266 2154 2306 religionem...

324 2345 364 2376 de
397 2348 428 2375 et
461 2352 563 2384 super
597 2342 859 2383 premissis....
886 2340 1230 2381 quornodolibet....
1258 2339 1446 2373 molestare,
1473 2338 1678 2379 perturbare,
1712 2346 1846 2375 vexare,
1885 2337 2069 2377 inquietare
2097 2336 2148 2368 vel

327 2415 584 2456 quomodolibet
622 2413 785 2454 impedire
822 2415 878 2444 aut
916 2412 992 2443 aliis
1029 2420 1065 2442 se
1099 2411 1129 2442 in
1168 2411 1296 2442 eisdem
1335 2409 1593 2450 quomodolibet
1627 2409 1814 2440 immiscere
1852 2410 1883 2439 et
1919 2416 1955 2439 se
1992 2407 2155 2448 impedire

329 2488 475 2518 audeant
506 2496 564 2517 seu
604 2488 888 2526 presumant....
922 2483 1013 2523 quod
1048 2483 1074 2514 si
1102 2491 1203 2514 secus
1238 2482 1361 2513 factum
1396 2481 1504 2512 fuerit.
1531 2481 1563 2512 id
1590 2483 1694 2511 totum
1722 2488 1879 2510 revocare
1913 2482 1942 2510 et
1969 2479 1999 2509 in
2033 2481 2155 2510 statum

330 2559 507 2598 pristinum
536 2557 693 2588 reducere
719 2556 912 2587 curabimus
939 2555 1065 2586 iustitia
1092 2554 1261 2585 mediante
1278 2579 1301 2584 ..
1318 2579 1342 2584 ..
1370 2553 1402 2584 ln
1428 2561 1571 2593 quorum
1597 2552 1745 2582 omnium
1773 2553 1802 2581 et
1822 2550 2030 2590 singulorum
2057 2550 2156 2581 fidem

330 2633 505 2670 presentes
524 2632 658 2659 nostras
677 2628 802 2658 litteras
821 2627 945 2658 exinde
964 2627 1032 2657 t'ieri
1051 2628 1082 2657 et
1099 2635 1156 2666 per
1175 2625 1340 2656 notarium
1361 2626 1512 2655 nostrum
1532 2622 1782 2662 infrascriptum
1801 2621 1969 2653 subscribi
1989 2621 2158 2662 sigillique

331 2701 447 2736 nostri,
474 2710 540 2740 quo
568 2700 700 2735 utimur,
720 2699 882 2730 iussimus
899 2700 930 2729 et
955 2697 1098 2728 fecimus
1116 2697 1328 2737 appensione
1347 2696 1522 2727 comuniri.
1543 2693 1664 2725 Datum
1684 2692 1809 2726 Romae
1835 2693 1866 2724 in
1885 2693 2008 2724 edibus
2035 2693 2160 2724 nostris

332 2773 396 2803 sub
415 2781 504 2803 anno
530 2780 547 2801 a
575 2771 747 2801 nativitate
775 2769 908 2800 Domini
929 2769 1108 2800 millesimo
1135 2767 1410 2808 quingentesimo
1429 2766 1655 2808 sexagesimo,
1676 2765 1858 2795 indictione
1885 2764 1990 2801 tertia,
2010 2764 2062 2795 die
2081 2773 2160 2795 vero

333 2844 464 2874 decimo
490 2843 608 2882 quinto
636 2841 761 2872 mensis
788 2840 958 2877 februarii,
985 2840 1202 2880 pontificatus
1228 2837 1334 2871 SS.mi
1363 2839 1393 2868 in
1420 2835 1557 2868 Christo
1583 2837 1689 2876 patris
1714 2839 1743 2867 et
1770 2835 1810 2866 D.
1836 2835 1874 2866 N.
1903 2834 1941 2866 D.
1970 2834 2017 2866 Pii
2045 2835 2159 2866 divina

335 2914 547 2955 providentia
575 2922 683 2953 papae
710 2912 818 2952 quarti
845 2921 933 2943 anno
961 2911 1068 2951 primo
1093 2908 1144 2949 (l)

415 3073 433 3095 l)
449 3071 545 3096 Ibidem,
563 3070 601 3091 tol.
623 3071 669 3091 540.
