2305 3407
1920 229 1974 261 101

918 438 1231 479 DCCLXIV.

260 557 430 593 Religiosi
456 557 681 593 Agostiniani
707 558 885 593 promossi
912 558 982 593 agli
1009 557 1132 586 Ordini
1159 558 1265 586 sacri.

764 680 910 711 181⁷,
940 681 1288 711 setten11)re‚
1318 680 1392 707 19.

704 778 782 798 i‘Arch.
800 778 872 798 Notat
897 778 919 798 ui
937 777 1006 798 Pavia
1024 789 1046 791 —
1064 778 1112 799 Atti
1128 778 1150 798 di
1167 778 1277 812 Riccardo
1294 778 1438 802 Roveseala).

245 970 354 1089 O
417 989 595 1018 RDlNATlO
621 984 787 1025 generalis
813 987 901 1016 tenta
928 994 985 1025 per
1011 986 1229 1017 reverendum
1257 986 1429 1017 dorninurn
1449 984 1574 1017 Galeaz
1599 986 1641 1017 de
1668 985 1775 1017 Baldo
1802 985 1862 1017 Dei
1881 986 1987 1026 gratia

438 1049 637 1088 episcopum
664 1048 925 1079 tiberiadensem
952 1048 1200 1088 suffraganeum
1228 1049 1258 1079 in
1285 1048 1431 1080 ecclesia
1458 1049 1624 1088 papiensi,
1652 1049 1682 1079 in
1709 1048 1850 1080 ecclesia
1877 1049 1989 1079 cathe-

439 1110 520 1141 drali
547 1110 588 1141 ad
615 1109 718 1141 altare
744 1110 853 1141 maius
879 1111 983 1141 sancti
1011 1109 1184 1150 Stephani.

262 1171 311 1203 Ad
339 1173 478 1212 primam
505 1175 678 1203 tonsuram

262 1233 373 1265 Frater
399 1233 525 1265 Paulus
553 1234 593 1265 de
620 1233 725 1273 Papia
751 1233 889 1265 Ordinis
915 1234 1022 1265 sancti
1051 1233 1230 1275 Augustini

265 1295 313 1327 Ad
341 1298 485 1336 quatuor
512 1297 657 1327 minores
683 1295 830 1328 Ordines

265 1358 376 1389 Frater
402 1357 527 1389 Paulus
553 1358 593 1389 de
622 1357 727 1398 Papia
753 1357 891 1389 Ordinis
918 1358 1159 1389 Heremitarum
1188 1359 1292 1389 sancti
1321 1357 1500 1399 Augustini

265 1420 377 1451 Frater
403 1419 600 1451 Desiderius
627 1420 666 1451 de
695 1420 891 1451 Mediolano
917 1419 1055 1451 Ordinis
1083 1419 1324 1451 Hereinitarurn
1352 1421 1455 1451 sancti
1485 1420 1663 1460 Augustini

264 1482 376 1514 Frater
403 1482 617 1513 Hieroninius
643 1483 683 1513 de
710 1482 857 1513 Novaria
884 1481 1023 1513 Ordinis
1058 1482 1300 1513 Hereinitaruni

266 1544 315 1576 Ad
343 1542 626 1576 subdiaconatum

266 1606 377 1638 Frater
405 1606 533 1637 Firmus
559 1607 599 1638 de
626 1605 785 1638 Granielo
811 1606 949 1638 Ordinis
976 1608 1080 1638 sancti
1118 1606 1296 1647 Augustini
1325 1608 1364 1638 de
1391 1607 1614 1638 observancia

265 1668 376 1700 Frater
403 1668 522 1700 Petrus
548 1669 588 1700 de
615 1667 751 1700 Cazano
777 1668 916 1700 Ordinis
942 1670 1047 1700 sancti
1076 1668 1254 1709 Augustini
1282 1670 1322 1700 de
1348 1670 1572 1701 observancia

263 1730 313 1762 Ad
341 1731 553 1762 diaconatum

209 1832 212 1834 q
262 1793 372 1824 Frater
398 1793 599 1825 Ambrosius
626 1794 666 1824 de
693 1794 805 1825 Laude
832 1793 972 1825 Ordinis
999 1794 1241 1825 Hereinitarurn
1270 1795 1374 1825 sancti
1404 1794 1582 1835 Augustini

262 1855 373 1887 Frater
398 1856 565 1888 Iohannes
592 1856 710 1888 Petrus
736 1857 776 1888 de
803 1857 965 1888 Vercellis
991 1856 1129 1888 Ordinis
1157 1857 1399 1888 Herentitarum
1427 1857 1531 1888 sancti
1560 1856 1738 1897 Augustini

262 1917 374 1949 Frater
400 1918 567 1949 lohannes
594 1919 700 1950 Maria
728 1919 767 1950 de
795 1918 899 1950 Ponte
926 1918 1064 1950 Ordinis
1092 1919 1335 1950 Heremitarum
1362 1920 1468 1950 sancti
1497 1918 1675 1959 Augustini
1710 1919 1925 1950 observantie

271 1979 382 2011 Frater
408 1979 534 2011 Paulus
561 1980 772 2021 Augustinus
799 1981 838 2012 de
858 1980 1012 2013 Olevano
1038 1980 1177 2012 Ordinis
1197 1981 1437 2012 Heremitaruni
1457 1982 1563 2012 sancti
1584 1980 1761 2021 Augustini
1781 1981 1997 2012 observantie

265 2040 315 2072 Ad
341 2042 491 2072 ordinem
519 2043 698 2073 sacerdotii

267 2102 379 2134 Frater
405 2103 611 2135 Benedictus
638 2104 677 2135 de
705 2104 804 2136 lanua
831 2104 969 2137 Ordinis
995 2106 1100 2136 sancti
1128 2105 1308 2146 Augustini

266 2164 376 2195 Frater
403 2164 554 2196 Andreas
583 2166 623 2197 de
650 2166 823 2198 Barlasina
850 2166 989 2198 Ordinis
1016 2167 1270 2198 Heremitarurn.

933 2376 1219 2417 DCCLXV.

263 2492 290 2520 11
317 2493 477 2529 Capitolo
504 2493 537 2521 di
564 2493 598 2521 S.
628 2493 795 2522 Mostiola
821 2494 864 2521 da
891 2494 925 2521 in
951 2494 1060 2522 affitto
1086 2503 1152 2522 una
1179 2495 1282 2530 vigna
1308 2503 1327 2522 a
1353 2495 1401 2523 Ca
1427 2495 1521 2523 della
1546 2500 1652 2524 terra.

821 2616 962 2647 1518,
996 2623 1212 2648 marzo,
1245 2617 1334 2641 29.

754 2713 820 2734 Arch.
838 2713 918 2734 Notar.
935 2714 956 2734 di
974 2713 1043 2734 Pavia
1063 2726 1083 2727 j
1100 2714 1147 2735 Atti
1164 2714 1185 2734 di
1202 2714 1296 2739 Giorgio
1312 2714 1437 2738 Cristiani).

280 2894 329 3010 Ι
424 2915 446 2940 Ν
471 2910 616 2941 claustro
642 2911 673 2941 et
699 2909 762 2941 sub
789 2909 934 2949 quodam
962 2910 1090 2949 porticu
1118 2909 1311 2941 monasterii
1338 2912 1452 2941 sancte
1478 2910 1638 2942 Mustiole
1665 2910 1813 2951 Papie...,
1854 2910 1990 2943 Convo-

416 2976 417 3019 χ
445 2974 562 3004 cato....
589 2970 791 3012 Capitulo...‚
817 2972 858 3003 de
884 2971 1086 3003 mandato...
1113 2972 1287 3003 reverendi
1306 2980 1399 3003 sacre
1418 2972 1585 3014 theologie
1604 2973 1752 3005 doctoris
1777 2974 1902 3005 domini
1923 2982 1989 3004 rna-

357 3023 417 3071 „J
444 3034 537 3074 gistri
565 3033 742 3065 Michaelis
776 3033 892 3074 Angeli
929 3034 970 3065 de
997 3031 1104 3071 Petra,
1146 3032 1270 3065 Prioris
1306 3034 1383 3065 dicti
1426 3035 1663 3067 monasterii...
1690 3036 1720 3066 in
1747 3044 1814 3075 quo
1840 3035 1987 3075 capitulo

177 3094 300 3126 adsunt
325 3095 435 3127 dictus
461 3096 668 3127 reverendus
693 3096 852 3127 dominus
894 3098 986 3136 pater
1028 3096 1186 3136 magister
1212 3095 1306 3127 Prior
1331 3098 1361 3128 et
1387 3105 1460 3128 curn
1487 3105 1571 3128 eo....
1599 3098 1805 3129 reverendus
1830 3097 1987 3128 dominus
