2305 3407
297 195 356 226 108

1023 377 1364 418 DCCLXXV.

377 487 405 514 11
432 486 594 522 Capitolo
621 487 653 514 di
682 487 716 515 S.
745 487 854 514 Paolo
880 486 912 514 fa
939 495 1005 514 una
1031 486 1257 514 transazione
1283 495 1342 522 per
1368 486 1528 515 l'eredita
1555 487 1589 515 di
1616 488 1791 516 Giovanni
1817 488 1911 517 della
1938 489 2037 525 Ripa.

945 608 1066 633 1619
1077 623 1090 639 ,
1123 615 1200 639 ap
1209 609 1307 633 rile
1320 624 1333 639 ‚
1366 610 1440 634 12.

853 697 919 717 Arch.
937 696 1017 717 Notat.
1034 696 1055 717 di
1073 696 1142 717 Pavia
1159 707 1183 710 V
1200 697 1247 717 Atti
1263 697 1285 717 di
1302 696 1415 717 Damiano
1432 697 1551 721 Landolli).

366 882 484 997 NJ
540 899 628 925 ELLA
653 895 805 926 sacristia
831 895 865 926 di
889 894 921 927 S.
948 894 1064 926 Poolo.
1091 895 1270 929 Radmzato
1296 895 1320 926 il
1346 893 1499 935 Capitolo
1520 904 1582 936 per
1615 896 1727 927 ordine
1768 897 1940 927 reverendi
1981 896 2108 927 domini

363 928 396 997 i„
561 957 672 988 fratris
699 956 931 989 Dettendentis
957 958 997 988 de
1024 957 1182 999 Vigueria
1209 956 1346 994 Prioris,
1382 957 1436 989 nel
1470 957 1567 998 quale
1607 958 1750 998 cap1'tolo
1776 959 1922 990 trovansi
1946 967 2005 990 con
2031 958 2078 990 lui
2100 959 2112 990 ι’

317 1056 345 1057 j
561 1020 775 1051 venerabiles
800 1020 926 1051 domini
953 1020 1053 1051 frater
1079 1019 1251 1052 Amadeus
1277 1020 1318 1051 de
1344 1018 1560 1052 Castronovo
1586 1021 1744 1058 vicarius,
1771 1019 1872 1052 frater
1898 1019 2054 1052 Ieremias
2069 1020 2109 1052 de

293 1082 408 1122 Papia,
435 1082 535 1113 frater
561 1082 726 1114 lohannes
753 1082 859 1114 Maria
887 1083 926 1114 de
954 1081 1070 1123 Papia,
1096 1082 1195 1114 frater
1222 1081 1413 1114 Pacifichus
1438 1083 1479 1114 de
1505 1080 1704 1120 Garlascm),
1729 1082 1829 1114 frater
1854 1082 2019 1114 lohannes
2045 1082 2112 1114 Αη-

292 1146 404 1176 tonius
431 1145 471 1176 de
497 1143 651 1180 Sezadio.
678 1145 778 1176 trater
804 1143 962 1177 Clemens
988 1146 1028 1177 de
1055 1144 1171 1186 Papia,
1209 1145 1309 1177 trater
1346 1144 1496 1186 Angelus
1523 1145 1563 1176 de
1590 1144 1706 1186 Papia,
1743 1145 1843 1177 trater
1882 1145 2044 1177 Nicolaus
2070 1145 2110 1177 de

293 1207 509 1245 Alexandria,
536 1207 636 1238 frater
663 1206 849 1248 Gregorius
875 1208 915 1239 de
943 1207 1112 1245 Vercellis,
1140 1206 1241 1239 frater
1266 1207 1446 1239 Modestus
1472 1207 1512 1238 de
1540 1207 1655 1239 Monte
1682 1205 1800 1245 Calvo,
1833 1207 1933 1238 frater
1958 1207 2111 1239 Valerius

292 1269 333 1300 de
360 1269 518 1306 Novaria,
544 1269 646 1300 trater
671 1268 766 1301 Sirus
793 1270 833 1300 de
859 1267 985 1301 Casalli
1013 1268 1192 1307 Beltramo,
1219 1269 1319 1301 frater
1345 1268 1592 1302 Constantinus
1618 1270 1658 1301 de
1685 1267 1811 1302 Casalli
1854 1268 1972 1307 Podio,
2012 1269 2112 1301 frater

294 1331 497 1363 Theodorus
523 1332 563 1363 de
591 1331 706 1372 Papia,
733 1331 832 1363 frater
858 1330 1049 1363 Germanus
1075 1332 1115 1363 de
1142 1330 1304 1364 Clavasio
1321 1330 1383 1372 (1),
1404 1331 1463 1373 piri
1488 1332 1524 1363 cti
1547 1331 1609 1363 due
1634 1333 1715 1363 terzi
1749 1332 1803 1363 ciel
1837 1332 1989 1372 capitolo,
2015 1332 2112 1363 ricor-

293 1394 364 1426 ‹tati
387 1395 398 1426 ι’
422 1397 466 1426 tre
492 1395 618 1426 trattati
634 1394 719 1435 fatti
740 1395 795 1425 nei
815 1395 926 1434 giomi
948 1395 979 1432 8,
1004 1394 1027 1426 9
1051 1403 1067 1426 e
1095 1395 1132 1426 11
1159 1397 1301 1426 corrente
1326 1403 1424 1432 mese,
1450 1403 1466 1426 e
1491 1394 1515 1426 il
1534 1403 1702 1435 permesso
1728 1396 1872 1426 ottesmto
1898 1394 1956 1426 dol
1985 1394 2111 1426 Vicorio

295 1456 455 1489 Generole
493 1465 553 1488 con
591 1457 704 1488 lettera
731 1457 784 1488 del
806 1458 830 1488 2
852 1465 965 1488 marzo
998 1460 1149 1498 passato,
1188 1457 1354 1498 stipulano
1392 1459 1475 1488 certe
1510 1457 1726 1488 convenzioni
1760 1465 1820 1488 con
1845 1456 1868 1488 il
1891 1456 2000 1488 nobile
2027 1455 2113 1489 Oion

293 1519 402 1550 Pletro
428 1519 588 1559 Mogento
613 1519 787 1551 donotcm'o
813 1519 848 1551 di
871 1519 1014 1551 lsabella
1040 1519 1199 1560 Mogenta
1226 1519 1351 1551 vedova
1376 1519 1411 1551 cti
1437 1518 1604 1552 Giovatmi
1626 1519 1714 1551 della
1739 1519 1827 1560 Ripa
1852 1519 1939 1551 detto
1965 1519 2109 1555 pavone,

294 1582 324 1613 in
353 1581 433 1612 virtzi
459 1581 542 1612 (telle
567 1581 660 1621 quali
684 1582 695 1612 i
718 1581 883 1621 Religiosi
921 1582 1112 1613 rimmcicmo
1138 1582 1173 1613 αι’
1196 1581 1298 1613 dirltti
1321 1582 1389 1613 loro
1414 1583 1572 1622 spettcmti
1610 1581 1692 1613 sulle
1718 1584 1797 1613 terre
1821 1582 1856 1613 cii
1881 1581 2112 1614 Costetnoveto

293 1644 427 1675 lasciatt
452 1644 486 1675 ol
513 1643 680 1676 Corzvento
705 1644 763 1675 dal
786 1644 938 1676 suddetto
967 1643 1134 1676 Giovamzi
1157 1644 1244 1675 della
1270 1643 1366 1685 Ripa,
1394 1653 1410 1675 e
1434 1644 1458 1676 1'I
1481 1644 1639 1685 Mogenta
1665 1645 1694 1675 si
1717 1644 1853 1684 obeIga
1878 1645 1988 1676 [nirece
2013 1653 2033 1675 α
2054 1652 2116 1685 ρα-

291 1716 373 1747 gare
399 1707 433 1738 ol
459 1705 625 1739 Convento
652 1707 709 1738 lire
732 1707 800 1739 400
824 1707 993 1747 imperiali,
1020 1715 1106 1747 quas
1132 1705 1226 1738 Prior
1251 1710 1282 1738 et
1307 1706 1425 1738 fratres
1452 1707 1648 1747 promittunt
1663 1707 1855 1747 expendere
1871 1707 1901 1737 in
1921 1706 2110 1738 evidentem

295 1769 469 1800 utilitatem
496 1769 573 1800 dicti
601 1771 800 1804 conventus,
829 1769 986 1800 videlicet
1012 1770 1043 1800 in
1070 1769 1255 1800 fabricham
1282 1769 1503 1800 claustrorum
1530 1771 1561 1800 et
1587 1769 1618 1800 in
1645 1769 1818 1800 muraliam
1853 1769 2007 1801 clausure
2033 1769 2113 1801 dicti

295 1832 474 1863 monasteri
503 1832 565 1862 iam
592 1834 724 1871 ceptam
751 1834 781 1863 et
808 1832 839 1862 in
866 1840 932 1871 qua
970 1840 1034 1862 non
1073 1831 1186 1863 valent
1223 1832 1382 1872 prosequi
1421 1832 1490 1863 nixi
1529 1832 1695 1863 mediante
1725 1832 1915 1872 receptione
1952 1832 2113 1863 dictarum

296 1894 527 1934 pecuniarum.

994 2077 1364 2118 DCCLXXVI.

384 2187 435 2215 La
461 2186 579 2215 nobile
605 2185 776 2215 Lucrezia
802 2187 962 2222 Bescape
990 2186 1165 2215 Gallarati
1192 2186 1225 2214 sa
1251 2195 1318 2214 una
1344 2186 1541 2215 donazione
1567 2195 1586 2214 a
1613 2186 1647 2215 S.
1676 2186 1798 2215 Paolo.

961 2308 1096 2339 1519,
1129 2309 1350 2340 agosto,
1382 2307 1456 2334 1¹7.

847 2396 923 2420 (Aren.
941 2396 1020 2417 Notat.
1037 2396 1058 2417 dl
1076 2396 1154 2417 Pavia.
1172 2407 1196 2410 -
1212 2396 1259 2417 Atti
1275 2396 1296 2417 di
1314 2396 1427 2418 Giovanni
1444 2396 1538 2423 Pigazzi
1556 2414 1559 2417 .

401 2581 447 2696 Ι
540 2599 570 2639 ἸΝ
595 2595 750 2626 sacristia
777 2595 971 2626 monasterii
998 2596 1104 2626 sancti
1132 2594 1226 2626 Pauli
1253 2596 1321 2627 sitti
1348 2604 1453 2636 prope
1495 2594 1719 2626 Vernabulam
1746 2597 1840 2626 extra
1866 2595 1974 2626 menia
2000 2593 2115 2635 Papie.

570 2655 796 2688 Personaliter
820 2658 1001 2688 constituta
1028 2657 1153 2689 nobilis
1179 2657 1316 2689 domina
1331 2658 1482 2690 Lucretia
1508 2658 1549 2689 de
1575 2657 1825 2698 Baxilicapetri,
1851 2657 1964 2689 relicta
1990 2658 2116 2698 quond

517 2754 531 2755 ἶ
569 2719 696 2750 domini
722 2717 870 2750 Simonis
897 2719 937 2751 de
964 2718 1131 2758 Galarate,
1168 2720 1390 2752 considerans
1415 2723 1447 2752 et
1471 2720 1648 2751 attendens
1675 2720 1766 2760 quod
1792 2728 1810 2751 a
1836 2720 1966 2751 conctis
1991 2719 2116 2751 divinis

301 2754 433 2822 legibus
459 2783 489 2812 et
514 2781 762 2812 eruditionibus
788 2781 943 2812 viventes
969 2790 1087 2813 omnes
1113 2784 1299 2820 monentur,
1326 2785 1370 2819 ut,
1396 2782 1474 2813 dum
1494 2782 1595 2813 vitam
1611 2784 1728 2823 gerunt
1743 2790 1800 2822 pre
1819 2790 1854 2813 se
1873 2781 1979 2813 ferant
1995 2782 2115 2817 lumen

357 2946 386 2970 (1)
402 2947 427 2967 Αἰ
443 2947 465 2967 21
484 2946 505 2967 di
521 2947 593 2972 aprile
610 2948 694 2972 questo
710 2949 787 2968 stesso
804 2946 920 2971 Canimlo,
937 2953 978 2968 con
994 2950 1045 2968 atto
1057 2949 1138 2973 rogato
1154 2947 1182 2968 da
1292 2948 1317 2968 Αἰ
1336 2948 1359 2968 13
1374 2947 1465 2973 maggio
1483 2953 1526 2968 con
1543 2949 1684 2969 testamento
1709 2949 1791 2973 rogato
1806 2947 1835 2968 da
1852 2947 1963 2969 Riccardo
1988 2947 2113 2969 Rovescala

304 2990 361 3012 Gian
379 2991 520 3012 Bel-nardino
537 2991 601 3017 Ripa,
618 2991 693 3011 riceve
708 2991 734 3012 50
750 2991 823 3011 fiorini
840 2992 908 3016 legati
925 2992 946 3012 al
962 2991 1084 3012 Convento
1100 2997 1140 3017 per
1151 2994 1182 3012 te·
1237 2992 1250 3012 il
1266 2992 1343 3013 nobile
1359 2991 1482 3013 Gunilorto
1493 2991 1590 3013 Pezzani
1607 2992 1643 3013 del
1659 2991 1681 3013 lu
1698 2992 1756 3013 Gran
1766 2992 1971 3014 Tommasolascia
1982 2998 1994 3013 a
2006 2992 2029 3014 S.
2042 2992 2113 3013 Paolo

305 3038 422 3057 stamento
438 3036 474 3057 del
490 3036 567 3057 nobile
583 3036 682 3061 Opicino
697 3035 772 3062 Corn,
788 3038 870 3061 rogato
886 3037 906 3056 ai
923 3036 935 3057 3
949 3036 1077 3057 settembre
1095 3036 1141 3058 1501
1155 3036 1183 3057 da
1239 3036 1280 3057 lire
1297 3036 1334 3057 ¹00
1349 3036 1469 3062 imperiali.

306 3080 406 3101 Antonio
422 3080 457 3101 dei
474 3080 542 3101 eunii
558 3080 580 3100 di
598 3080 674 3101 Mede⁴
