2305 3407
1895 210 1937 241 39

124 340 214 379 libet,
241 341 271 372 in
298 341 352 373 die
376 341 464 373 testo
489 341 641 373 eiusdem
667 341 905 382 gloriosissimi
932 341 1051 379 sancti,
1077 341 1340 382 dignareturque
1378 339 1484 372 Deum
1519 350 1635 381 rogare
1662 343 1695 372 ut
1721 342 1841 373 civitas
1868 342 1941 382 ipsa

124 412 142 435 a
167 405 260 435 tanto
285 404 506 435 acerbissimo
532 412 672 441 veneno,
699 404 730 434 in
757 412 825 443 quo
850 405 918 434 erat
944 402 1091 441 inodata‚
1118 403 1324 440 liberaretur,
1351 403 1495 443 ipsoque
1522 405 1601 434 voto
1627 403 1675 435 sic
1700 403 1799 441 facto,
1831 404 1944 435 incon-

124 466 239 498 tinenti
267 466 467 497 miraculose
494 466 643 497 cessavit
670 466 743 506 ipsa
770 466 887 506 pestis,
913 466 1022 497 taliter
1059 465 1149 506 quod
1187 465 1311 497 abinde
1338 466 1369 496 in
1396 466 1518 497 anthea
1545 466 1725 506 quisquam
1753 468 1846 506 peste
1873 475 1938 497 non

126 528 325 568 periclitavit
350 530 380 559 et
405 528 525 559 civitas
551 528 624 568 ipsa
651 528 773 559 monda
800 528 983 568 permansit
1020 528 1093 568 ipsa
1131 530 1236 568 peste,
1274 530 1372 568 prout
1410 529 1576 559 notorium
1617 529 1731 560 existit
1764 529 1943 568 adhucque

125 592 289 622 testantur
313 591 436 631 egregii
464 591 524 621 viri
552 590 678 621 domini
706 590 873 621 lohannes
892 589 1102 631 Augustinus
1121 590 1162 621 de
1181 589 1339 631 Georgiis
1357 592 1387 621 et
1408 589 1549 622 lacobus
1568 589 1748 631 Philippus
1774 591 1815 622 de
1842 590 1944 621 Poma

124 651 291 684 officiales
316 653 492 689 sanitatis;
519 652 607 683 unde
634 654 891 692 perseverantes
917 652 1036 693 prefati
1063 652 1189 683 domini
1217 653 1248 683 in
1276 652 1457 684 devotione
1485 653 1548 683 iam
1576 653 1707 693 incepta
1727 652 1856 693 pretato
1874 652 1946 693 glo—

126 714 315 745 riosissimo
355 716 472 745 sancto
499 713 689 755 Augustino
714 716 745 746 et
771 715 801 745 in
828 715 943 755 aliquo
969 716 1110 747 deficere
1137 715 1289 746 nolentes
1315 716 1476 755 quantum
1503 715 1552 746 eis
1578 715 1621 746 sit
1647 715 1822 755 possibile,
1856 715 1945 745 ordi—

127 778 291 808 naverunt
316 776 407 816 quod
434 776 487 807 die
513 777 659 807 crastina
687 777 742 808 fiat
768 777 960 808 omnimode
987 778 1076 809 dicta
1102 777 1236 813 oblacio
1255 777 1352 808 etsie
1369 777 1565 808 successive
1591 777 1680 807 omni
1707 786 1796 808 anno
1822 777 1852 807 in
1873 785 1947 817 per-

127 840 275 879 petuum,
291 838 383 869 iuxta
409 838 557 875 solitum,
573 840 603 869 et
631 839 787 870 invitetur
802 839 950 879 populus
976 841 1006 871 et
1032 839 1225 871 deferantur
1240 839 1327 870 dicte
1343 840 1444 870 torcie
1459 839 1501 870 ad
1517 839 1728 870 oblacionem
1749 839 1944 879 predictam.

129 900 168 932 Et
194 901 342 941 insuper,
370 910 409 932 ne
437 901 466 931 in
495 900 641 932 futurum
669 901 819 933 deleatur
855 901 998 932 devocio
1025 902 1172 942 predicta
1198 903 1229 933 et
1256 901 1452 933 miraculum
1487 902 1673 942 predictum
1709 903 1873 941 perpetuo
1899 910 1947 932 re-

129 965 259 995 maneat
286 964 316 994 in
343 963 444 994 corde
472 963 598 1003 prefate
625 964 840 995 comunitatis
866 965 1004 1001 atixum,
1031 964 1271 995 ordinaverunt
1297 966 1327 995 et
1353 964 1509 995 ordinant
1535 964 1626 1004 quod
1654 964 1684 994 in
1712 973 1841 995 camera
1869 962 1948 994 Pro-

128 1026 271 1057 visionis
298 1026 473 1066 presentis,
501 1026 555 1056 ubi
583 1026 817 1066 designabitur
842 1030 871 1057 et
898 1027 1109 1067 designatum
1149 1026 1257 1063 fuerit,
1295 1027 1497 1067 depingatur
1523 1027 1634 1066 imago
1676 1026 1793 1066 prefati
1828 1026 1950 1067 glorio-

129 1088 255 1119 sissimi
283 1089 386 1119 sancti
415 1087 593 1129 Augustini
631 1098 704 1119 cuni
742 1089 888 1119 civitatis
914 1089 1106 1128 insignibus
1132 1091 1162 1119 et
1188 1089 1265 1120 dicti
1305 1089 1453 1119 miraculi
1480 1091 1511 1119 et
1537 1098 1610 1120 cum
1644 1088 1820 1119 versiculis
1846 1097 1948 1128 super

131 1150 207 1181 inde
247 1150 462 1191 apponendis
489 1152 690 1182 mentionem
718 1151 922 1182 facientibus
958 1151 999 1182 de
1039 1151 1198 1182 miraculo
1224 1160 1262 1182 ac
1288 1151 1495 1191 obligatione
1532 1151 1694 1191 predicta.
1728 1149 1948 1182 Confidentes

130 1213 161 1243 in
188 1212 339 1253 prefacto
365 1213 614 1253 gloriosissimo
640 1215 757 1244 sancto
785 1213 945 1253 predicto,
972 1214 1143 1244 civitatem
1172 1214 1355 1253 predictam
1382 1213 1424 1244 ab
1450 1214 1539 1244 omni
1567 1213 1768 1253 contagione
1788 1212 1946 1253 pestifera

129 1278 160 1306 et
185 1276 227 1306 ab
253 1276 343 1306 omni
369 1275 435 1306 alio
463 1276 614 1316 periculo
641 1276 763 1307 debere
790 1277 977 1316 preservari
996 1274 1058 1315 (l).

874 1476 1197 1516 DCXCVIII.

220 1585 391 1621 Religiosi
418 1585 631 1622 agostiniani
657 1585 834 1621 promossi
861 1585 930 1621 agli
957 1585 1081 1613 Ordini
1107 1586 1214 1614 sacri.

716 1690 854 1714 1307
867 1706 879 1721 ,
909 1690 1232 1715 setten‘llvre
1245 1706 1258 1721 ‚
1287 1690 1362 1715 18.

718 1778 796 1799 ‹Arch.
814 1778 894 1798 Notar.
912 1778 933 1798 di
951 1777 1021 1798 Pavia
1038 1789 1061 1791 —
1078 1778 1126 1798 Atti
1143 1778 1164 1798 di
1180 1777 1231 1799 Siro
1250 1778 1359 1803 Pescari).

147 1978 148 1983 ’
378 1981 559 2010 RDlNATlO
584 1976 752 2017 generalis
777 1977 866 2007 tenta
893 1985 952 2016 per
980 1975 1201 2007 reverendum
1222 1975 1396 2006 dominum
1416 1975 1624 2016 Episcopum
1644 1975 1945 2007 Bethelemitanum

146 2034 149 2039 ’
201 1964 312 2082 Ο
368 2056 369 2065 1
397 2040 429 2070 in
455 2039 598 2070 eeclesia
624 2037 816 2071 Cathedrali
843 2041 874 2069 et
899 2038 941 2069 ad
967 2038 1070 2069 altare
1096 2038 1204 2069 maius
1230 2039 1338 2070 saneti
1366 2037 1505 2071 Stefani.

153 2138 251 2140 vj
488 2100 538 2132 Ad
567 2100 863 2132 subdiaconatum.

222 2164 332 2196 Frater
358 2164 526 2195 lohannes
552 2162 705 2203 Baptista
731 2162 772 2193 de
799 2161 1019 2203 Romagnano
1036 2160 1097 2202 (2),
1124 2162 1263 2195 Ordinis
1290 2162 1545 2194 Heremitarum,

222 2226 334 2258 Frater
360 2224 570 2266 Seraphinus
596 2224 637 2255 de
664 2226 781 2255 sancto
808 2223 949 2265 Angelo,
976 2223 1114 2256 Ordinis
1141 2225 1395 2256 Heremitarum.

223 2288 273 2320 Ad
301 2289 527 2320 diaconatum.

224 2350 337 2382 Frater
362 2349 528 2381 lohannes
554 2349 707 2389 Baptista
733 2348 773 2379 de
801 2348 970 2386 Fivizano,
996 2348 1136 2380 Ordinis
1162 2348 1415 2380 Heremitarum.

223 2412 273 2444 Ad
300 2412 527 2444 sacerdotum.

224 2474 336 2506 Frater
362 2474 495 2506 Luchas
520 2474 561 2505 de
587 2473 818 2514 Romagnano,
844 2472 983 2504 Ordinis
1010 2472 1264 2504 Heremitarum.

227 2537 338 2568 Frater
363 2536 528 2568 Nicolaus
553 2536 594 2567 de
621 2535 765 2573 Verona,
791 2533 930 2567 Ordinis
957 2534 1211 2566 Heremitarum.

191 2694 221 2719 (l)
235 2694 291 2715 Vedi
307 2694 327 2714 le
343 2695 397 2715 note
412 2693 448 2714 del
464 2693 514 2714 doc.
532 2693 567 2713 del
593 2693 616 2713 13
638 2693 729 2718 maggio
754 2692 811 2713 1503.
835 2691 924 2716 Questo
947 2691 1017 2712 docu-
1124 2691 1155 2711 ‹2i
1175 2691 1241 2711 Frate
1257 2690 1370 2711 Giovanni
1396 2690 1497 2710 Ballista
1513 2689 1541 2710 de
1557 2689 1715 2715 RomagnanO,
1740 2689 1806 2710 <letto
1830 2690 1902 2710 anche
1927 2689 1948 2709 di

139 2740 217 2760 mento
232 2738 255 2759 iu
271 2738 406 2764 pubblicato
422 2744 464 2759 con
481 2738 578 2763 qualche
604 2737 685 2758 menda
702 2737 738 2757 dal
755 2737 876 2761 ΤΟΚΕῌΛ,
900 2736 944 2756 vol,
968 2736 1015 2760 Vll,
1072 2736 1172 2760 Novara,
1189 2734 1211 2755 lu
1228 2740 1352 2760 promosso
1367 2735 1388 2755 al
1404 2734 1529 2755 diaconato
1551 2734 1586 2754 uel
1609 2734 1700 2755 Dnomo
1716 2734 1737 2754 di
1755 2733 1824 2755 Pavia
1840 2734 1860 2754 ai
1876 2734 1902 2754 23
1917 2734 1949 2753 di-

141 2788 194 2808 pag.
209 2783 255 2804 577.
1073 2780 1164 2801 ccmbrc
1179 2779 1215 2800 del
1233 2779 1290 2805 1508,
1306 2784 1371 2800 come
1387 2779 1404 2799 si
1422 2779 1491 2799 rileva
1507 2778 1536 2799 da
1552 2784 1581 2799 un
1597 2780 1647 2799 atto
1658 2778 1680 2799 di
1692 2778 1803 2800 Riccardo
1815 2778 1949 2799 Rovescala.
