2305 3407
1911 171 1976 203 309

155 293 196 325 de
230 293 379 334 Espsdia
412 294 668 333 baclialaureus,
687 295 787 326 frater
812 294 971 336 Orpbeus
998 298 1174 337 papiensis
1200 300 1369 339 subprior,
1395 300 1494 331 frater
1520 300 1562 332 lo.
1590 301 1758 333 Antonius
1792 304 1978 344 papiensis,

154 355 255 387 frater
286 355 450 388 Baldasar
475 357 713 397 neapolitanus
739 357 850 395 lector,
876 357 977 390 frater
1010 358 1248 392 Bonaventura
1275 362 1456 401 patavinus
1490 363 1603 401 lector,
1636 364 1735 395 irater
1769 364 1979 406 Augustinus

156 418 340 458 papiensis,
367 418 465 450 frater
491 418 625 452 Roclius
651 420 837 460 papiensis,
862 420 963 452 frater
988 419 1177 453 Gulielmus
1203 422 1244 454 de
1271 423 1549 457 Montefalchono
1576 426 1734 466 magister
1760 427 1978 466 studentium,

155 480 255 511 trater
281 480 495 512 Hieronimus
522 481 688 512 lusitanus
714 490 842 519 cursor,
869 482 968 514 frater
994 482 1157 516 Marelius
1191 485 1358 517 utinensis
1390 495 1517 524 cursor,
1544 486 1644 519 frater
1670 487 1713 519 10.
1740 488 1893 529 Baptista
1921 498 1979 530 pa-

156 543 294 583 piensis,
320 542 419 574 frater
445 543 640 575 Ludovicus
671 543 895 576 bononiensis
919 545 1072 583 studens,
1098 545 1199 578 frater
1224 545 1459 579 Christoforus
1492 550 1674 589 patavinus
1700 551 1852 589 studens,
1880 551 1979 582 frater

155 604 318 637 Nicotaus
336 605 376 636 de
396 605 511 636 Monte
530 606 636 637 sancti
656 604 771 638 Savini
792 607 932 638 studens
957 605 1184 648 (cancellato),
1205 609 1306 641 frater
1332 610 1567 643 Bartolomeus
1587 612 1799 652 placentinus
1825 614 1978 652 studens,

155 666 256 698 frater
287 666 498 708 Augustinus
532 668 573 699 de
606 667 798 700 Belenzona
831 669 974 701 studens
1004 668 1231 711 (cancellato),
1257 672 1357 704 trater
1383 672 1541 705 Stetanus
1574 674 1792 707 vercellensis
1826 676 1978 714 studens,

155 728 256 760 frater
281 729 462 761 Anselmus
489 730 670 770 perusinus
695 731 855 772 magister
880 732 1095 771 novitiorum,
1120 733 1220 765 frater
1246 733 1440 767 Ludovicus
1467 735 1691 776 placentinus,
1716 736 1817 769 frater
1851 736 1978 769 Paulus

157 792 343 832 papiensis,
364 791 423 832 ριίὶ
454 791 489 823 a'i
511 791 574 823 dae
606 793 687 824 terzi
721 793 774 824 a'el
797 793 951 834 capitolo,
985 794 1095 826 danno
1120 796 1152 827 in
1185 795 1293 836 affitto
1318 797 1502 829 novennale
1530 807 1592 839 per
1613 801 1658 830 tre
1695 799 1804 831 brente
1836 800 1871 831 cli
1907 801 1980 831 vino

156 854 313 885 all'anno
338 863 359 885 a
386 853 552 886 Contanio
577 854 686 886 Bozzi
709 855 744 886 di
767 855 877 887 Pieira
901 856 975 888 nell’
993 856 1126 898 Oltrepo
1151 867 1218 890 ana
1244 859 1344 899 vigna
1369 860 1404 891 di
1426 861 1449 892 5
1468 861 1612 901 perticlze
1630 870 1651 892 a
1677 860 1709 894 S.
1739 861 1895 900 Gialetta‚
1915 872 1979 902 que

156 916 245 957 petia
270 918 354 947 terre
379 918 448 948 erat
474 917 667 948 monasterii
694 920 809 949 sancte
836 918 997 950 Mustiole
1023 922 1054 950 et
1081 921 1172 952 unita
1191 920 1252 952 fuit
1278 930 1342 953 una
1368 931 1442 953 cum
1469 923 1545 954 aliis
1572 923 1671 955 bonis
1689 924 1767 955 dicti
1784 925 1978 956 monasterii

156 979 359 1010 monasterio
385 979 493 1010 sancti
521 978 711 1020 Augustini,
738 980 836 1011 etiam
862 989 904 1012 ex
929 982 1184 1014 confirmatione
1210 985 1240 1014 et
1265 985 1513 1024 approbatione
1539 984 1639 1017 Sedis
1660 985 1979 1026 Apostolice.Nello

155 1042 261 1072 stesso
293 1042 400 1081 tempo
424 1041 455 1072 si
482 1041 525 1072 da
550 1042 582 1072 in
615 1041 723 1081 affitto
748 1043 931 1074 novennale
967 1044 1019 1075 un'
1034 1044 1118 1075 altra
1152 1046 1251 1085 vigna
1276 1046 1310 1077 di
1333 1048 1378 1077 tre
1407 1047 1551 1087 perticae
1575 1048 1661 1079 nella
1694 1050 1800 1079 stesso
1834 1048 1934 1088 luogo
1959 1058 1979 1080 a

156 1102 264 1134 Felice
288 1102 376 1134 della
401 1103 522 1134 Danaa
544 1111 624 1143 pare
649 1103 684 1135 cli
707 1103 829 1142 PIetra,
851 1114 912 1145 per
938 1106 1072 1138 I'annao
1097 1116 1223 1139 canone
1248 1108 1283 1139 ali
1304 1109 1326 1139 4
1351 1108 1460 1140 brente
1485 1110 1519 1141 cii
1546 1110 1630 1141 vino.

1004 1343 1133 1383 MII.

243 1459 271 1486 Il
297 1458 457 1494 Capitolo
483 1459 518 1487 di
544 1460 576 1491 S,
603 1460 774 1495 Agostino
800 1461 911 1489 vende
936 1470 981 1489 un
1007 1470 1115 1490 censo
1141 1466 1318 1498 spettante
1344 1472 1363 1491 a
1389 1463 1476 1492 frate
1502 1464 1675 1493 Giovanni
1701 1465 1880 1498 Barbanti,

768 1600 932 1631 1563,
964 1602 1247 1634 gennaio‚
1281 1604 1337 1628 2.

697 1732 774 1756 (Arcti.
792 1733 873 1754 Notar.
889 1734 911 1754 di
928 1733 998 1754 Pavia
1014 1745 1039 1748 —-
1055 1734 1102 1755 Atti
1119 1735 1140 1755 di
1156 1735 1300 1756 Alessandro
1316 1736 1436 1761 folperti),

173 1961 174 1968 ἵ
227 1907 346 2023 Ν
401 1927 444 1953 ΕΙ,
469 1923 626 1953 convenio
651 1922 686 1953 di
709 1921 741 1954 S.
767 1922 941 1962 Agostino,
966 1923 1113 1955 adunato
1138 1923 1163 1955 il
1185 1925 1339 1965 capItolo,
1365 1925 1406 1957 de
1432 1926 1592 1957 mandato
1625 1928 1798 1959 reverendi
1825 1929 1974 1969 magistri

423 1984 589 2016 Adeodati
609 1985 776 2025 ispediani
796 1984 934 2023 Prioris,
947 1986 1001 2017 nel
1016 1986 1114 2026 qaale
1130 1995 1229 2018 erano
1247 1996 1307 2019 con
1325 1988 1373 2019 lai
1389 1989 1548 2029 magister
1567 1988 1770 2022 Fortunatus
1788 1991 1975 2031 papiensis,

172 2048 173 2081 l
304 2081 388 2083 MK,
422 2047 583 2087 magister
597 2047 744 2079 Micliael
760 2048 942 2087 perusinus
956 2057 1087 2089 regens,
1103 2049 1261 2090 magister
1287 2049 1400 2081 Iollan.
1426 2051 1613 2091 papiensis,
1638 2051 1739 2083 frater
1764 2052 1975 2094 Augustinus

153 2107 352 2148 ispedianus
371 2108 572 2146 bacalarius‚
590 2108 691 2141 frater
716 2108 759 2140 lo.
786 2108 954 2141 Antonius
979 2110 1166 2150 papiensis,
1180 2111 1281 2142 frater
1305 2112 1469 2143 Nicolaus
1495 2113 1681 2153 papiensis,
1707 2113 1808 2146 frater
1833 2114 1975 2147 lacobus

153 2170 339 2210 papiensis,
365 2169 465 2202 trater
496 2170 661 2202 Baldasar
693 2171 931 2211 neapolitanus
964 2171 1076 2209 lector,
1102 2171 1203 2204 frater
1235 2172 1474 2205 Bonaventura
1506 2175 1547 2206 de
1580 2174 1695 2206 Padoa
1729 2176 1842 2214 lector,
1874 2176 1975 2208 frater

151 2230 341 2264 Gulielmus
367 2233 408 2264 de
427 2232 682 2264 Montefalcono
708 2234 869 2274 magister
892 2234 1111 2272 studentium,
1129 2234 1230 2266 frater
1247 2235 1385 2267 Marcus
1403 2236 1569 2268 utinensis
1594 2245 1721 2275 cursor,
1739 2237 1839 2269 frater
1865 2238 1974 2270 Ludo-

149 2295 246 2326 vicus
272 2295 494 2327 bononiensis
520 2304 647 2333 cursor,
672 2295 773 2327 frater
798 2295 1010 2336 Augustinus
1037 2297 1213 2337 papiensis
1239 2300 1448 2338 procurator,
1474 2298 1573 2330 frater
1598 2299 1762 2332 Nicolaus
1787 2301 1828 2332 de
1855 2301 1971 2333 Monte

150 2358 257 2389 sancti
284 2355 412 2395 Savini,
430 2357 531 2389 frater
548 2356 782 2390 Christoforus
807 2358 848 2389 de
875 2357 990 2390 Padoa
1016 2359 1169 2397 studens,
1187 2359 1288 2390 frater
1306 2359 1518 2401 Augustinus
1543 2361 1584 2393 de
1611 2361 1792 2394 Belinzona
1819 2363 1971 2401 studens,

148 2418 250 2451 frater
267 2419 452 2451 leronimus
470 2420 511 2451 de
530 2419 646 2460 Papia,
664 2419 766 2451 frater
783 2418 943 2452 Stefanus
962 2420 1178 2452 vercellensis
1197 2420 1350 2459 studens,
1365 2421 1466 2454 frater
1484 2421 1610 2455 Paulus
1629 2423 1670 2454 de
1690 2422 1795 2464 Papia
1814 2424 1968 2457 studens.

149 2481 248 2513 frater
273 2482 467 2514 Ludovicus
493 2482 707 2523 placentinus
732 2484 763 2514 et
788 2482 890 2514 frater
915 2481 1126 2523 Augustinus
1159 2483 1346 2523 papiensis,
1372 2484 1568 2516 facientes...
1594 2485 1661 2517 fere
1688 2486 1853 2527 integrum
1880 2488 1971 2527 capi-

149 2543 264 2582 tulum,
282 2545 312 2575 si
327 2552 473 2584 approva
498 2545 530 2575 [n
544 2545 649 2584 pritno
675 2546 808 2575 trattato
833 2544 866 2575 Ia
890 2545 1038 2576 cessione
1063 2545 1106 2576 iia
1124 2544 1215 2585 farsi
1233 2554 1295 2585 per
1315 2546 1372 2578 lire
1395 2547 1463 2578 236
1486 2547 1656 2587 imperiali,
1672 2548 1707 2579 ai
1730 2548 1834 2580 nobili
1842 2548 1972 2589 fratelli

152 2604 328 2638 Gerolamo
353 2605 396 2637 ed
418 2605 528 2637 Ettore
555 2605 705 2642 Cantoni,
725 2597 816 2637 dian
842 2615 938 2637 censo
960 2608 1116 2646 perpetuo
1142 2607 1176 2638 ali
1203 2608 1244 2639 10
1265 2608 1380 2639 sacelli
1403 2608 1438 2640 di
1454 2608 1632 2649 frumento,
1646 2618 1704 2641 sar
1717 2619 1783 2641 ana
1810 2611 1909 2650 mgna
1935 2611 1969 2642 αἰ·

145 2668 190 2699 24
209 2668 353 2708 perticlze
377 2668 409 2699 in
434 2668 644 2707 MontebeHo,
669 2669 827 2709 speltanti
849 2677 869 2699 a
887 2668 977 2708 frate
1005 2667 1171 2700 Giovanni
1194 2669 1234 2700 de
1252 2669 1431 2701 Barbantis
1455 2671 1487 2702 in
1506 2670 1606 2711 forza
1631 2672 1666 2703 di
1689 2680 1755 2703 ana
1780 2672 1967 2704 clonazione

140 2729 231 2770 satia
256 2738 276 2761 a
303 2729 483 2770 Cristoforo
509 2729 672 2762 Barbanti
694 2731 748 2762 nel
774 2731 860 2763 1538
882 2730 974 2762 dalla
999 2739 1061 2762 saa
1085 2731 1197 2762 madre
1222 2731 1364 2763 [sabella
1390 2731 1623 2773 Sangregorio.
1651 2733 1717 2765 Per
1738 2734 1762 2765 il
1793 2735 1967 2774 consegui-

147 2793 255 2823 mento
287 2791 322 2823 di
351 2791 439 2823 detto
475 2800 572 2824 censo
604 2794 738 2824 conteso
763 2792 822 2825 dai
844 2792 974 2833 fratelli
1007 2791 1150 2825 Cantoni
1172 2793 1207 2824 al
1238 2796 1405 2831 convento,
1431 2795 1462 2827 si
1492 2804 1547 2827 era
1572 2795 1664 2836 faita
1697 2796 1752 2828 lite
1783 2796 1825 2828 ea'
1855 2805 1913 2828 ora
1937 2798 1967 2828 si

141 2862 288 2894 propone
319 2854 352 2885 la
384 2855 594 2886 transazione
625 2854 684 2887 che
708 2855 725 2887 ἑ
757 2857 948 2896 approvato.
975 2855 1018 2887 ΑΙ
1047 2855 1191 2886 secondo
1223 2857 1357 2888 imitato
1387 2857 1446 2889 che
1477 2857 1567 2898 sisa
1600 2859 1634 2890 ai
1668 2859 1709 2890 12
1739 2858 1825 2890 dello
1857 2860 1963 2890 stesso

142 2916 287 2955 germaio
311 2924 393 2947 sono
413 2917 559 2957 presenti
581 2917 616 2948 al
639 2917 783 2958 capitolo
808 2917 912 2949 anche
937 2917 948 2948 i
971 2917 1120 2957 religiosi
1142 2917 1241 2949 frater
1266 2916 1427 2959 Orpheus
1453 2920 1622 2961 subprior,
1648 2920 1749 2952 frater
1778 2920 1962 2952 leronimus

146 2977 313 3009 lusitanus
337 2986 464 3016 cursor,
489 2977 590 3010 frater
624 2978 805 3011 Anselmus
831 2980 872 3011 de
905 2978 1044 3011 Perusia
1077 2979 1236 3020 magister
1261 2981 1481 3020 noviciorum,
1507 2982 1606 3014 frater
1639 2982 1894 3014 Bertholameus
1919 2982 1960 3014 de
