2305 3407
286 162 347 194 166

280 302 344 325 una
367 283 470 334 ⁴vigna
495 294 530 325 cii
553 294 668 334 cinque
690 293 834 334 pem'clze
859 294 890 324 in
917 291 1082 325 Stradella
1106 292 1141 323 al
1159 294 1250 332 prete
1278 290 1446 324 Giovonm'
1461 291 1569 323 Maria
1583 291 1670 323 della
1688 290 1798 327 Porta,
1817 291 1875 322 che
1900 291 1980 332 offre
2004 291 2061 323 lire
2077 291 2100 323 5

279 356 347 387 alla
369 357 504 396 pertt'co.
545 356 590 387 La
618 338 747 387 venditu
773 355 789 387 ἑ
814 357 1022 396 approvato:
1047 354 1070 386 il
1094 354 1237 385 secondo
1277 355 1411 385 trattato
1436 354 1466 385 si
1482 353 1524 394 fa
1548 353 1634 385 nello
1659 355 1765 385 stesso
1799 353 1940 393 glorn0,·
1965 352 1988 384 il
2011 355 2098 384 terzo

277 426 294 449 e
318 418 351 449 la
379 419 508 450 vendita
533 417 679 459 effettiva
704 417 728 449 1'!
748 418 866 457 giorno
890 415 1011 456 27(1).

1023 626 1352 668 DCCCXLV.

362 748 390 776 11
414 747 530 776 Priore
555 747 719 776 Generale
744 747 829 775 frate
855 745 1010 774 Gabriele
1036 746 1076 774 da
1101 744 1251 774 Venezia
1275 743 1447 773 autorizza
1471 744 1555 772 frate
1579 742 1692 772 pietro
1717 744 1758 772 de
1784 742 1930 772 Canellis
1947 751 1966 771 a
1982 742 2098 771 riscat—

275 805 347 829 tare
373 810 417 829 un
441 809 542 829 censo
568 800 726 829 venduto.

853 903 989 928 1532
1002 918 1015 934 ⁹
1047 904 1371 928 sette121br0
1382 917 1396 934 9

1429 901 1519 927 28.

797 992 874 1014 «Aren.
891 991 971 1012 Notas.
989 991 1010 1011 di
1027 990 1097 1012 navia
1114 1002 1138 1004 —-
1154 990 1201 1011 Atti
1218 990 1239 1011 di
1256 989 1313 1011 Gian
1330 990 1426 1011 Alberto
1443 990 1571 1011 MorascoL

361 1185 448 1302 F

521 1202 642 1231 RATER
668 1196 805 1230 Gabriel
832 1197 992 1236 Venetus,
1019 1196 1159 1229 Ordinis
1189 1196 1408 1228 Eremitarum
1446 1196 1554 1228 sancti
1592 1195 1771 1236 Augustini
1800 1194 1894 1226 Prior
1920 1194 2098 1227 Generalis

544 1261 715 1302 indignus,
742 1260 925 1292 venerabili
952 1262 985 1291 et
1010 1259 1111 1291 nobis
1137 1259 1168 1290 in
1195 1257 1332 1291 Christo
1359 1258 1483 1290 dilecto
1509 1258 1670 1299 magistro
1696 1256 1794 1289 Petro
1820 1266 1838 1289 a
1864 1255 2015 1290 Canellis
2041 1265 2100 1297 pa-

542 1324 650 1365 piensi
676 1323 828 1355 eiusdem
856 1322 1043 1364 Religionis
1076 1322 1230 1354 salutem.

361 1387 409 1418 Ex
436 1386 643 1427 quibusdam
670 1386 737 1417 tuis
763 1385 874 1423 bonis,
901 1387 958 1416 tuo
984 1384 1098 1416 studio
1123 1386 1154 1415 et
1180 1384 1346 1415 industria
1372 1383 1560 1424 acquisitis,
1586 1382 1777 1414 facultatem
1804 1382 1874 1420 tibi,
1901 1383 2015 1414 nostra
2040 1390 2099 1413 au-

270 1450 434 1487 ctoritate,
460 1449 605 1480 iacimus
631 1448 800 1480 vendendi
827 1450 858 1480 et
884 1448 1053 1479 alienandi
1093 1455 1200 1487 usque
1237 1446 1280 1477 ad
1318 1454 1484 1477 summam
1523 1446 1843 1486 quadringentarum
1882 1445 2040 1476 librarum
2066 1446 2097 1475 et

270 1521 336 1543 non
363 1511 519 1552 plurium,
546 1511 828 1543 restituendarum
855 1511 993 1541 domino
1020 1509 1172 1540 Mattheo
1199 1517 1217 1540 a
1243 1507 1345 1541 Curte
1371 1517 1432 1549 pro
1457 1508 1713 1548 recuperatione
1746 1507 1923 1539 cuiusdam
1951 1506 2052 1538 livelli
2079 1515 2097 1538 a

270 1576 299 1605 te
326 1574 465 1611 venditi,
507 1574 563 1614 qui
605 1573 789 1614 quotannis
815 1573 986 1613 octoginta
1014 1572 1173 1603 librarum
1211 1580 1378 1603 summam
1416 1570 1644 1612 persolvebat.
1687 1570 1719 1601 In
1758 1569 1904 1601 Nomine
1930 1568 2040 1601 Patris
2065 1571 2096 1601 et

270 1636 341 1667 Filii
368 1639 399 1667 et
424 1634 572 1676 Spiritus
609 1634 734 1673 Sancti,
760 1644 869 1666 amen.
895 1634 985 1666 Bene
1012 1635 1043 1665 in
1070 1633 1218 1665 Domino
1258 1634 1344 1665 vale.
1381 1632 1504 1665 Datum
1547 1633 1709 1670 Venetiis,
1736 1632 1789 1663 die
1814 1632 1857 1663 28
1882 1632 2095 1672 septembris,

270 1698 471 1735 MDXXXII,
499 1699 604 1730 nostri
631 1698 732 1729 officii
759 1698 824 1729 sub
850 1697 973 1739 sigillo.
1002 1697 1114 1728 Frater
1139 1695 1278 1729 Gabriel
1306 1695 1486 1729 Generalis
1512 1696 1673 1737 indignus
1690 1693 1751 1735 (2).

325 1893 355 1916 (1)
372 1892 402 1913 Lo
418 1894 497 1912 stesso
522 1891 625 1917 capitolo
650 1891 670 1912 ni
689 1891 712 1912 1ss
727 1890 841 1916 iebbraio,
866 1896 908 1912 eon
928 1892 979 1911 atto
1005 1890 1026 1911 di
1051 1890 1156 1916 Gaspare

272 1938 418 1961 (irnvainogo,
436 1937 456 1956 in
473 1936 611 1957 esecuzione
627 1936 757 1956 litterarum
767 1935 954 1956 reverendissimi
965 1935 1050 1955 domini
1067 1934 1153 1955 domini

272 1981 350 2002 tran-is
365 1981 488 2002 Gabriellis
504 1981 584 2002 Veneti
601 1980 720 2001 Generalis
736 1980 809 2001 totius
824 1980 918 2001 Ordinis
934 1980 1031 2005 predicti
1047 1979 1154 2000 datarum

273 2026 377 2047 Venetiis
392 2032 419 2047 ex
435 2026 489 2046 divo
505 2025 609 2046 stt-nano
626 2025 699 2051 pridie
716 2025 794 2045 iduum
814 2025 944 2045 decembris
962 2025 1020 2049 1531,
1043 2024 1150 2044 niodiiica

271 2078 283 2091 e
299 2071 362 2091 ritira
388 2071 470 2091 alcone
496 2070 576 2096 parole
592 2070 613 2089 di
631 2075 676 2090 nna
701 2075 743 2090 sna
770 2072 876 2095 prote-sta
893 2069 951 2089 tritta
977 2069 1102 2089 [mraxione
1118 2074 1156 2089 cn-

272 2115 363 2136 iusdnin
381 2115 442 2141 petie
458 2115 523 2135 vinee
532 2115 606 2135 sitcin
617 2115 735 2135 territorio
753 2114 875 2134 Lossaniff.
892 2120 937 2139 que
949 2113 1041 2139 quidem
1058 2114 1154 2134 verim...

272 2160 334 2180 dicta
351 2159 415 2180 fuere
431 2164 472 2184 per
488 2159 680 2179 inndvertentiain
698 2160 719 2179 et
736 2158 979 2183 inconsiderationem,
992 2163 1033 2178 nec
1049 2158 1155 2178 voluntm

272 2204 425 2229 preindiciuin
442 2203 532 2224 inferre.

325 2248 350 2268 Αἰ
370 2248 392 2268 1ss
407 2248 501 2273 gingno,
517 2253 560 2267 con
575 2249 626 2268 :utto
642 2247 663 2267 di
681 2247 781 2272 ippolito
797 2247 945 2272 'raeeoni,y,11'
957 2247 1027 2267 stessi
1038 2246 1155 2272 Religiosi,

272 2293 292 2313 :ii
309 2292 370 2318 quali
387 2292 405 2312 si
421 2292 537 2317 aggiunge
553 2292 625 2312 anche
641 2292 654 2311 il
671 2292 755 2312 lettore
771 2291 829 2312 irate
845 2291 938 2312 Aurelio
954 2291 982 2311 dxi
999 2290 1156 2316 Conditupro-

269 2339 377 2357 curatore
393 2336 429 2357 del
446 2336 578 2361 convento,
594 2342 731 2362 approvano
748 2336 768 2356 in
786 2336 859 2361 primo
873 2337 972 2356 trattati)
988 2336 1008 2357 la
1025 2335 1118 2356 vendita
1135 2336 1156 2356 di

1213 1896 1256 1910 nnn
1273 1896 1327 1910 casa
1343 1890 1364 1910 in
1381 1890 1515 1916 parroechia
1538 1889 1559 1909 di
1576 1889 1598 1910 S.
1616 1889 1715 1910 Miclielc
1741 1889 1859 1913 maggiore
1880 1888 1910 1909 ad
1926 1888 2041 1914 Agostino
2056 1888 2093 1909 Ti-

1211 1934 1271 1955 bnldi
1289 1940 1329 1960 per
1354 1934 1393 1954 lire
1417 1934 1528 1959 imperiali
1554 1934 1599 1954 200.
1624 1933 1638 1953 ll
1661 1933 1764 1954 secondo
1781 1938 1792 1953 e
1808 1934 1873 1954 terzo
1898 1934 1997 1953 tratlato
2012 1938 2054 1953 eon
2071 1933 2091 1953 la

1210 1979 1304 2000 venditu
1320 1979 1339 1999 si
1355 1979 1424 1999 fanno
1440 1979 1453 1999 il
1469 1979 1550 2003 giorno
1567 1978 1638 2004 dopo,

1259 2033 1289 2056 (2)
1306 2033 1334 2053 La
1351 2033 1433 2053 lettera
1450 2033 1461 2053 ‘e
1477 2033 1498 2053 in
1514 2032 1625 2058 originale
1641 2038 1653 2052 e
1668 2037 1782 2052 conserva
1793 2037 1878 2052 ancora
1888 2031 2016 2052 bellissimo
2031 2031 2045 2051 il
2061 2031 2090 2051 si-

1211 2077 1273 2103 gillo
1291 2077 1313 2097 ln
1328 2082 1490 2101 consegnenzti
1507 2077 1528 2097 di
1545 2083 1606 2101 essa,
1623 2077 1643 2097 ai
1661 2076 1684 2097 19
1700 2077 1791 2102 uraugia)
1809 2076 1866 2101 1533,
1883 2081 1925 2096 con
1941 2078 1992 2096 atto
2008 2077 2091 2101 rogato

1212 2122 1273 2143 dano
1289 2124 1367 2143 stesso
1383 2122 1502 2145 Morasco.
1519 2122 1532 2142 il
1549 2122 1654 2142 Maestro
1678 2121 1736 2142 frate
1758 2121 1836 2142 Pietro
1852 2121 1880 2141 de
1895 2120 1996 2141 Canellis
2011 2120 2090 2146 cleggc

1211 2172 1254 2187 sno
1279 2168 1431 2192 procuratore
1456 2167 1592 2192 magistrum
1613 2166 1760 2187 Tliiinotenm
1785 2165 1813 2186 de
1838 2165 1943 2186 Crivellis
1959 2164 2090 2191 professum

1208 2211 1262 2231 dicti
1279 2211 1372 2231 Ordinis
1389 2211 1544 2231 habitatorem
1561 2210 1641 2236 Papie,
1658 2215 1698 2235 per
1717 2209 1816 2230 vendere
1832 2215 1876 2230 una
1892 2214 1946 2230 casa
1962 2209 1983 2229 in
2000 2214 2091 2235 parroc-

1211 2256 1261 2276 cliia
1278 2256 1298 2276 di
1315 2255 1337 2276 S.
1355 2255 1471 2280 1nvenzio,
1488 2261 1532 2281 qne
1549 2255 1653 2280 pervenit
1670 2255 1691 2275 in
1708 2255 1783 2281 ipsum
1809 2254 1928 2275 dominum
1954 2253 2089 2279 magistrum

1213 2300 1305 2321 Petrum
1323 2300 1401 2325 vigore
1417 2299 1531 2320 industrie
1547 2305 1646 2325 persone
1662 2305 1711 2320 suc*
