2305 3407
925 417 1140 458 DCCIII.

216 526 243 553 11
269 526 432 562 Capitolo
458 526 492 554 di
520 526 555 554 S.
583 526 751 554 Mostiola
779 526 895 554 riceve
923 526 945 554 il
971 530 1181 562 pagamento
1207 527 1242 554 di
1268 535 1313 554 un
1338 527 1466 562 legato.

802 648 956 677 1508.7
992 655 1206 679 112311040,
1238 650 1274 673 1.

628 735 695 756 Arcu.
713 736 792 756 Notatv
810 735 831 756 di
849 735 926 756 I‘avia.
946 748 967 749 j
985 736 1032 756 Atti
1049 736 1070 756 di
1087 736 1144 757 Oian
1161 736 1291 757 Cristoturo
1307 736 1454 761 Mangiariaj.

141 936 142 979 ἦ
232 918 278 1032 Ι
374 937 397 962 Ν
423 932 496 963 loco
522 930 714 972 Capituli....
740 933 882 964 ecclesie
907 936 1020 964 sancte
1047 933 1264 965 Mustiolle....
1290 932 1532 966 convocato...
1559 933 1761 975 Capitul‹›....
1788 935 1828 966 de
1856 944 1947 966 man—

397 994 520 1025 data...
547 994 718 1025 reverendi
746 995 871 1025 domini
899 995 1009 1026 fratris
1036 994 1122 1026 Petri
1150 996 1190 1028 de
1216 995 1346 1028 Caneto
1374 997 1487 1028 vicarii
1514 999 1545 1028 et
1571 1006 1665 1028 sacre
1685 998 1853 1038 theologie
1873 1007 1948 1038 prn-

395 1057 547 1095 fessoriS,
575 1058 605 1088 in
633 1067 699 1097 quo
726 1058 861 1097 quidem
888 1057 1047 1098 Capitulo
1072 1058 1248 1090 fuerunt...
1276 1058 1426 1099 prefatus
1452 1059 1609 1090 dominus
1636 1059 1788 1091 Vicarius
1814 1063 1844 1091 et
1870 1070 1944 1092 cum

124 1128 209 1150 eo....
236 1120 449 1151 venerabiles
474 1120 600 1150 domini
628 1119 726 1151 frater
753 1120 919 1152 Iohannes
947 1120 1113 1152 Antonius
1138 1122 1179 1152 de
1206 1121 1322 1162 Papia,
1359 1122 1459 1153 trater
1500 1122 1728 1154 Bernardinus
1762 1123 1802 1153 de
1830 1122 1945 1163 Papia,

124 1181 223 1213 trater
250 1181 461 1223 Augustinus
488 1182 528 1213 de
556 1182 667 1213 Laude
695 1185 900 1222 procurator,
929 1183 1028 1214 trater
1054 1183 1214 1215 Mar-chus
1241 1185 1281 1215 de
1309 1184 1467 1221 Venetus,
1495 1184 1593 1215 frater
1621 1184 1772 1225 Baptista
1800 1186 1840 1216 dc
1867 1186 1943 1216 Mn-

124 1244 245 1281 doetia,
272 1246 302 1275 et
328 1244 427 1275 frater
453 1243 692 1284 Simplicianus
718 1245 759 1275 de
786 1245 961 1276 Verona...
1000 1247 1056 1285 qui
1094 1246 1220 1277 faciunt
1258 1247 1334 1286 plns
1372 1256 1471 1286 quam
1511 1248 1596 1278 duas
1630 1249 1742 1287 partes
1767 1256 1807 1278 ex
1835 1248 1942 1279 trihus

122 1305 202 1336 dicti
229 1304 424 1346 Capituli..„
450 1307 601 1337 ricevono
627 1307 685 1337 dal
709 1306 817 1338 nobile
856 1306 1015 1346 Gregorio
1052 1308 1253 1348 Mcmgiam'a,
1280 1309 1333 1340 del
1350 1309 1391 1349 su
1417 1310 1526 1340 clottor
1558 1309 1745 1347 (Jerolamo,
1765 1309 1880 1349 fiorini
1902 1311 1948 1341 25

122 1370 153 1398 et
179 1368 242 1399 hoc
268 1377 328 1408 pro
355 1368 465 1409 legato
492 1368 581 1400 facto
608 1378 667 1409 per
704 1369 876 1409 quondam
914 1368 1076 1401 Zaninum
1104 1371 1144 1401 de
1172 1371 1331 1409 Novaria,
1357 1371 1442 1402 alias
1479 1371 1674 1409 furnarium,
1713 1372 1803 1403 dicto
1831 1381 1946 1403 mona-

123 1430 224 1461 sterio
251 1430 282 1461 in
309 1431 382 1461 eius
409 1431 525 1461 ultimo
551 1433 762 1462 testamento.
789 1432 885 1462 Nello
911 1434 1017 1463 stesso
1044 1435 1150 1473 tempo
1168 1434 1318 1464 rt’cevono
1336 1433 1426 1464 dallo
1444 1436 1550 1465 stesso
1569 1434 1886 1474 lilungiaerriuflorini
1906 1435 1946 1465 16

118 1501 180 1532 per
202 1492 311 1533 asft'tto
337 1493 372 1524 a'i
395 1502 437 1524 ιιη
463 1502 550 1525 anno
576 1494 610 1525 αἰ·
634 1496 712 1525 terre
737 1495 768 1525 in
795 1494 961 1534 Filr'glzem
988 1495 1042 1526 ubi
1071 1496 1193 1526 dicitur
1219 1496 1249 1526 in
1278 1496 1438 1527 Fanexio.

927 1669 1143 1711 DCCIV.

213 1775 319 1803 Frate
346 1775 514 1804 Giacomo
540 1777 688 1813 Anglesi
713 1777 856 1805 nomina
882 1787 926 1806 un
952 1786 1016 1806 suo
1043 1778 1289 1807 procuratore.

789 1899 924 1924 1508
936 1905 949 1931 ·‚
979 1907 1086 1925 1112}
1093 1907 1184 1927 rzo
1195 1916 1209 1931 ,
1239 1902 1278 1926 1.

630 1988 708 2010 (Arcu
726 1988 805 2008 Notat.
823 1988 844 2008 di
862 1988 939 2008 Paria.
958 2000 981 2002 —
998 1988 1044 2009 Ani
1062 1989 1083 2009 di
1100 1989 1157 2010 Gian
1174 1989 1288 2013 Agostino
1309 1990 1437 2014 Mor-asco).

194 2170 316 2285 N
372 2188 462 2214 ELLA
487 2192 567 2215 cusa
593 2184 646 2215 del
669 2185 791 2221 notaio,
829 2186 860 2216 ill
898 2184 1097 2217 Parrocclzia
1134 2187 1169 2217 cii
1204 2186 1235 2219 S.
1263 2187 1427 2218 Mariam
1460 2187 1600 2218 Pem'cu.
1639 2188 1849 2218 Venerabilis
1883 2188 1944 2218 uo-

395 2246 505 2277 minus
531 2245 630 2277 trater
656 2245 797 2277 Iacobus
823 2247 863 2278 de
892 2246 1079 2288 AngIexiis,
1107 2249 1258 2288 ispanus,
1284 2248 1422 2281 Ordinis
1443 2249 1684 2280 Heremitarum
1705 2251 1810 2281 sancti
1832 2249 1945 2290 Augu-

394 2309 470 2339 stini
497 2310 527 2339 ct
554 2308 798 2348 presentialiter
824 2309 965 2340 studens
993 2310 1023 2340 in
1050 2309 1137 2341 felici
1154 2312 1332 2351 gymnasio
1352 2312 1505 2351 papiensi
1533 2313 1563 2342 et
1591 2311 1743 2342 residens
1770 2312 1799 2341 in
1828 2321 1943 2342 mona-

122 2371 224 2401 sterio
249 2371 355 2402 sancti
383 2370 573 2411 Augustini,
600 2370 652 2401 col
675 2379 835 2401 consenso
861 2371 914 2401 a'el
939 2372 1110 2402 reverendi
1139 2373 1169 2402 in
1197 2371 1333 2404 Christo
1360 2373 1463 2412 patris
1489 2373 1614 2403 domini
1644 2372 1800 2404 Iohannis
1827 2372 1942 2404 Berro-

123 2432 217 2463 lamei
245 2433 285 2464 de
312 2433 493 2464 Valmacha
520 2441 612 2463 sacre
640 2433 761 2472 pagine
788 2432 1003 2472 professoris,
1032 2432 1253 2465 provincialis
1281 2433 1457 2466 provincie
1479 2435 1677 2465 Lombardie
1696 2435 1774 2466 dicti
1794 2435 1943 2470 Ordinis,

123 2497 156 2526 ut
182 2497 273 2535 patet
299 2504 356 2535 per
382 2495 578 2535 scriptulum
607 2495 715 2534 ipsius
742 2495 915 2526 reverendi
943 2496 1069 2526 domini
1097 2495 1331 2534 Provincians,
1369 2497 1466 2527 michi
1506 2497 1635 2527 notarim
1669 2497 1857 2533 dirrectum,
1885 2498 1944 2528 liu—

124 2557 269 2588 iusmodi
296 2558 433 2594 tenoris,
461 2558 637 2589 videlicet:
666 2556 808 2588 Domine
836 2557 1035 2597 Augustum,

213 2618 420 2651 Presentium
448 2619 532 2651 lator
557 2623 751 2659 recepturus
777 2620 909 2659 aliquas
936 2621 1097 2660 pecunias
1123 2619 1222 2652 Senis
1248 2630 1289 2652 ex
1317 2621 1460 2658 bancho,
1488 2621 1585 2653 veliet
1622 2622 1714 2653 alteri
1742 2622 1785 2653 ibi
1813 2632 1870 2662 per
1897 2623 1945 2653 in—

125 2683 343 2713 strumentum
371 2681 541 2722 publicum
570 2682 696 2713 mittere
723 2684 755 2712 ut
782 2691 844 2712 suo
882 2683 1015 2714 nomine
1053 2683 1200 2723 recipiat.
1238 2682 1349 2720 Quare
1387 2683 1450 2715 sibi
1489 2684 1615 2715 servire
1642 2684 1836 2724 dignemini.
1865 2684 1945 2715 Pro-

126 2743 289 2775 vincialis.

215 2804 411 2837 CostItuIsce
435 2814 495 2837 suo
517 2807 727 2845 procuratore
754 2805 979 2837 venerabilem
1007 2806 1179 2837 dominum
1198 2805 1332 2838 fratrem
1352 2806 1570 2838 Benedictum
1590 2805 1755 2848 Calopam
1776 2809 1943 2848 ispanum.

125 2865 264 2899 Ordinis
291 2867 546 2905 Heremitarum,
573 2867 839 2905 baccalaureum,
867 2869 896 2899 in
924 2869 1059 2900 civitate
1086 2866 1247 2900 Senarum
1275 2877 1400 2899 moram
1428 2869 1624 2906 trahentem,
1657 2878 1718 2910 per
1740 2871 1864 2909 esigere
1889 2871 1946 2901 dul

126 2927 240 2960 Banco
273 2929 402 2961 Venturi
425 2929 459 2961 cii
483 2928 584 2962 Siena
619 2938 685 2961 ιιηα
721 2929 833 2961 lettera
859 2930 893 2962 cii
916 2930 1046 2961 cambIo
1071 2930 1106 2961 cli
1129 2939 1170 2961 ιιη
1207 2930 1289 2961 altro
1326 2930 1432 2962 banco
1469 2930 1503 2962 di
1538 2930 1677 2971 Spagna
1703 2931 1878 2971 invlatagli
1901 2932 1943 2962 <lu

126 2989 187 3012 suo
207 2981 323 3021 padre.
