2305 3407
316 141 382 173 268

403 275 472 316 Ego
499 274 535 305 tr.
562 273 786 306 Sebastianus
824 273 969 305 Pisanus
1006 272 1169 304 diffinitos
1206 271 1377 304 Provintie
1403 271 1556 303 pisarum
1585 273 1661 304 «lico
1687 282 1746 313 pro
1773 281 1847 304 meo
1874 275 1953 304 voto
1979 275 2013 304 ut
2039 282 2135 305 revo-

313 340 406 368 cetur
430 338 622 368 contractus
648 336 855 368 venditionis
881 339 912 367 et
939 335 1102 366 habeatur
1129 344 1188 375 pro
1215 334 1330 366 nihilo.

404 398 474 439 Ego
512 398 547 429 tr.
586 398 629 429 lo.
668 397 866 429 Franciscus
903 395 1055 429 Cesenas
1095 396 1256 428 diffinitor
1283 396 1454 428 Provintie
1497 396 1717 429 Romandiole
1742 398 1919 429 consentio
1946 400 1979 428 ut
2013 397 2136 429 rescin-

314 461 412 492 datur
436 462 628 492 contractus
655 460 861 492 venditionis
886 461 1074 490 conventus
1100 456 1132 490 S.
1161 458 1335 490 Mustiolle
1363 457 1476 499 papie.

404 523 474 564 Ego
501 523 600 554 frater
626 522 767 553 loannes
794 522 834 552 de
860 519 1098 561 Carmagnolia
1125 520 1287 551 diffinitor
1313 519 1484 552 Provintie
1522 520 1673 552 Tholose
1699 523 1730 553 et
1757 521 1935 562 Equitanie
1961 531 2026 553 non
2053 530 2134 553 con-

315 586 424 617 sentio
449 586 633 617 contractui
661 585 748 616 tacto
775 584 816 615 de
843 583 1037 615 venditione
1063 581 1264 615 Conventus
1290 581 1322 614 S.
1349 582 1523 614 Mustiolle
1551 582 1653 624 Papie
1679 584 1884 624 quibusdam
1926 583 2136 616 Monialibus

315 648 443 679 Montis
469 646 591 679 Oliveti
621 646 735 686 Papie,
762 646 821 677 sed
849 645 926 676 volo
954 647 987 676 ut
1013 647 1207 676 contractus
1234 644 1286 676 ille
1313 645 1504 676 annulletur
1528 648 1559 676 et
1585 647 1747 677 cassetur.

404 709 474 750 Ego
500 709 536 740 tr.
563 709 762 740 Franciscus
788 706 948 739 Senensis
986 707 1148 738 diffinitor
1184 705 1354 738 provintie
1381 705 1529 739 Saxonie
1555 707 1716 749 Turingie
1744 717 1861 739 assero
1887 710 1921 739 ut
1945 710 2138 740 contractus

315 772 521 803 venditionis
547 769 747 803 Conventus
773 768 804 802 S.
832 770 939 801 Marie
965 769 1005 800 de
1032 769 1207 800 Mustiolla
1234 769 1446 800 rescindatur
1471 770 1502 800 et
1529 778 1588 809 pro
1616 768 1788 809 Religione
1814 771 2004 802 retineatur.

405 833 474 874 Ego
515 833 550 864 fr.
592 832 728 864 Gabriel
757 832 841 864 Αηςς
870 831 1016 873 Ungarie
1053 831 1217 862 diffinitor
1253 839 1370 862 assero
1405 833 1438 862 ut
1463 833 1655 863 contractus
1693 832 1899 863 venditionis
1938 831 2138 865 Conventus

315 895 346 928 S.
375 896 480 927 Marie
506 895 546 926 de
573 895 748 926 Mustiolla
775 895 986 926 rescindatur
1011 896 1041 925 et
1067 903 1127 934 pro
1154 893 1326 934 Religione
1353 894 1543 925 retineatur.

405 958 474 997 Ego
500 957 536 989 fr.
564 957 775 998 Augustinus
814 956 961 987 Illicinus
998 955 1224 996 prodiffinitor
1261 954 1433 987 Provintie
1467 955 1588 996 Anglie
1614 958 1645 987 et
1673 956 1830 988 Hibernie
1856 965 1973 988 assero
2000 959 2034 989 ut
2059 966 2139 989 con-

314 1023 441 1051 tractus
478 1019 684 1050 venditionis
710 1017 910 1050 Conventus
948 1017 979 1050 S.
1019 1018 1126 1049 Marie
1163 1018 1204 1049 de
1231 1018 1407 1049 Mustiolla
1448 1018 1670 1056 rescindatur,
1697 1021 1727 1050 et
1753 1016 1952 1050 Conventus
1979 1020 2052 1060 ipse
2079 1028 2139 1060 pro

315 1081 488 1123 Religione
516 1082 696 1113 retineatur
722 1083 753 1112 et
780 1080 981 1112 defendatur
1007 1082 1180 1120 perpetuo.

405 1143 475 1183 Ego
502 1143 538 1174 tr.
565 1143 606 1174 Io.
635 1142 788 1183 Baptista
825 1142 866 1174 de
892 1141 1130 1182 Carmagnolia
1158 1141 1384 1182 prodiffinitor
1425 1141 1596 1174 Provintie
1624 1142 1702 1176 Reni
1730 1144 1761 1174 et
1787 1141 1911 1174 Svevie
1937 1143 2016 1174 volo
2042 1143 2134 1183 quod

315 1207 525 1238 rescindatur
551 1208 744 1237 contractus
771 1205 976 1236 venditionis
1002 1204 1087 1236 facte
1113 1205 1154 1236 de
1180 1203 1360 1236 Conventu
1399 1203 1430 1236 S.
1469 1204 1644 1236 Mustiolle
1678 1205 1771 1236 urbis
1797 1204 1902 1245 Papie
1929 1205 2139 1237 Monialibua

317 1268 444 1299 Montis
470 1267 607 1305 Oliveti‚
633 1270 663 1299 et
689 1268 781 1308 quod
809 1267 988 1298 retineatur
1014 1269 1045 1298 et
1071 1269 1224 1298 servetur
1250 1266 1502 1308 Augustiniano
1529 1266 1658 1299 Ordini.

407 1330 476 1371 Ego
504 1330 539 1362 tr.
568 1330 768 1361 Laurentius
794 1330 834 1360 de
861 1329 978 1360 Monte
1005 1328 1081 1360 Alto
1108 1328 1280 1360 psovintie
1317 1328 1440 1361 picene
1477 1329 1638 1362 diffinitor
1673 1339 1791 1361 assero
1831 1330 1922 1370 quod
1948 1331 2141 1362 contractus

317 1393 525 1424 venditionis
562 1391 762 1424 Conventus
800 1390 832 1423 S.
871 1391 1045 1423 Mustiolle
1082 1390 1187 1432 Papie
1225 1391 1435 1423 rescindatur
1460 1394 1492 1423 et
1518 1401 1578 1432 pro
1605 1392 1709 1423 nihilo
1750 1392 1914 1424 habeatur
1938 1394 1969 1423 et
1995 1401 2055 1432 pro
2082 1391 2143 1425 Re-

316 1455 441 1495 ligione
476 1455 668 1486 retineatur.

405 1517 476 1558 Ego
517 1517 553 1548 fr.
596 1516 791 1548 Bonifacius
829 1516 1036 1548 Interamnas
1085 1516 1254 1548 deffinitor
1292 1516 1462 1548 provintie
1500 1516 1637 1549 Umbrie
1673 1525 1791 1548 assero
1828 1519 2036 1549 contractum
2063 1526 2143 1549 ven-

317 1580 455 1611 ditionis
482 1580 630 1620 predicte
672 1579 815 1610 rescindi
854 1582 884 1611 et
922 1588 981 1619 pro
1019 1579 1123 1610 nihilo
1162 1579 1289 1616 haberi,
1326 1577 1541 1611 Conventum
1580 1581 1690 1610 autem
1729 1579 1840 1620 ipsum
1878 1589 1938 1620 pro
1966 1579 2139 1621 Religione

316 1643 461 1673 retineri.

405 1704 475 1745 Ego
501 1704 538 1735 fr.
566 1704 770 1737 Ambrosius
808 1704 972 1736 Veronen.
1011 1705 1174 1736 diffinitor
1210 1703 1382 1736 Provintie
1408 1704 1579 1736 Lusitanie
1605 1705 1683 1736 volo
1709 1705 1801 1745 quod
1829 1705 2039 1737 rescindatur
2063 1714 2142 1737 con-

315 1769 440 1797 tractus
468 1767 673 1797 venditionis
699 1766 783 1798 tacte
809 1767 850 1798 de
877 1765 1057 1798 Conventu
1095 1764 1127 1798 S.
1166 1766 1342 1798 Mustiolle
1368 1767 1461 1798 urbis
1488 1765 1592 1807 Papie
1618 1767 1823 1798 monialibus
1850 1767 1978 1799 Montis
2003 1766 2141 1806 Oliveti,

315 1832 345 1860 et
371 1828 461 1868 quod
490 1829 670 1860 retineatur
695 1832 726 1860 et
753 1831 907 1860 servetur
931 1828 1050 1860 Ordini
1076 1829 1328 1869 augustiniano.

405 1890 474 1931 Ego
502 1890 537 1921 fr.
566 1890 608 1922 lo.
636 1890 804 1922 Antonius
830 1891 1023 1922 andriensis
1049 1890 1221 1922 deffinitur
1246 1890 1417 1922 provintie
1451 1890 1573 1931 Apulie
1610 1891 1685 1922 dico
1722 1891 1814 1931 quod
1841 1893 2035 1923 contractus
2061 1900 2141 1923 ven-

314 1953 453 1984 ditionis
480 1951 680 1985 Conventus
709 1952 740 1985 S.
769 1953 876 1985 Marie
902 1953 942 1984 de
970 1953 1145 1985 Mustiolla
1170 1952 1346 1984 confectus
1372 1953 1576 1984 monialibus
1602 1953 1827 1993 papiensibus
1853 1953 2073 1991 rescindatur,
2110 1954 2141 1985 et

315 2014 517 2047 Conventus
543 2024 602 2055 pro
630 2014 804 2056 Religione
830 2016 1071 2056 augustiniana
1097 2015 1289 2047 retineatur.

405 2077 475 2117 Ego
502 2077 538 2108 tr.
567 2076 735 2108 Antonius
774 2077 958 2118 Drepanita
996 2076 1167 2109 provintie
1204 2076 1329 2110 Sicillie
1367 2077 1535 2108 deflinitor
1571 2079 1777 2108 contractum
1816 2077 2022 2108 venditionis
2062 2086 2141 2108 con-

316 2142 439 2171 ventus
465 2138 497 2171 S.
526 2139 633 2171 Marie
659 2140 700 2171 de
727 2140 903 2172 Mustiolla
942 2140 1153 2172 Monialibus
1190 2140 1416 2181 papiensibus
1453 2140 1580 2171 nullum
1617 2148 1733 2171 assero
1759 2141 1789 2171 et
1815 2149 1876 2180 pro
1906 2138 2079 2181 Religione
2106 2141 2140 2171 ut

317 2202 410 2242 prius
437 2204 597 2233 teneatur.

406 2263 477 2304 Ego
502 2263 538 2295 fr.
577 2263 771 2295 Bernardus
808 2264 848 2296 de
886 2263 1029 2296 Atrenca
1070 2263 1242 2295 Provintie
1268 2263 1495 2296 Observantie
1533 2263 1696 2304 Hispanie
1732 2263 1895 2295 diffinitor
1930 2264 2137 2295 contractum

316 2326 524 2357 venditionis
549 2328 739 2357 conventus
765 2325 796 2358 S.
837 2326 943 2358 Marie
980 2327 1021 2358 de
1060 2326 1235 2358 Mustiolla
1273 2326 1484 2358 Monialibus
1511 2326 1736 2367 papiensibus
1769 2325 1895 2357 nullum
1921 2334 2050 2363 asser0,
2075 2325 2137 2357 sed

317 2396 377 2428 pro
405 2387 578 2429 Religione
606 2391 720 2420 nostra
747 2391 780 2420 ut
807 2389 901 2429 prius
927 2391 1086 2420 teneatur.

406 2450 476 2491 Ego
503 2451 539 2482 fr.
567 2451 709 2483 lacobus
737 2450 862 2482 Duran.
901 2451 1074 2483 Provintie
1113 2450 1282 2492 Aragonie
1307 2453 1339 2483 et
1375 2449 1553 2483 Catalonie
1589 2450 1752 2482 diffinitor
1788 2452 1996 2481 contractum
2023 2449 2140 2481 vendi-

316 2513 419 2544 tionis
445 2511 645 2545 Conventus
670 2512 702 2545 S.
731 2513 837 2545 Marie
864 2513 905 2545 de
942 2513 1117 2545 Mustiolla
1156 2514 1359 2545 monialibus
1397 2513 1622 2553 papiensibus
1660 2512 1786 2544 nullum
1824 2520 1942 2544 assero
1978 2512 2037 2543 sed
2079 2520 2138 2552 pro

318 2574 491 2615 Religione
518 2577 631 2606 nostra
659 2578 692 2606 ut
719 2576 812 2616 prius
837 2577 999 2607 teneatur.

407 2637 478 2677 Ego
503 2637 539 2668 tr.
566 2637 765 2669 Vincentius
792 2637 892 2669 Flor.S
920 2638 996 2669 dico
1021 2640 1053 2669 et
1079 2639 1240 2670 confirmo
1267 2640 1301 2669 ut
1327 2646 1439 2678 supra.

406 2699 477 2740 Ego
504 2699 540 2731 fr.
568 2699 611 2731 lo.
639 2699 840 2732 Franciscus
876 2699 1055 2731 Tarvisius
1091 2700 1262 2731 deffinitor
1299 2699 1470 2731 Provintie
1495 2699 1655 2731 Narbone
1681 2700 1712 2730 et
1737 2697 1932 2739 Burgundie
1958 2697 2034 2729 dico
2059 2705 2139 2729 con-

317 2764 458 2793 tractum
497 2762 703 2793 venditionis
741 2760 940 2794 Conventus
977 2760 1009 2794 S.
1048 2762 1155 2793 Marie
1192 2762 1234 2793 de
1272 2761 1446 2793 Mustiolla
1484 2760 1695 2792 Monialibus
1719 2760 1908 2792 contectum
1936 2759 2079 2791 rescindi
2105 2761 2137 2790 et

316 2826 519 2855 conventum
548 2833 607 2864 pro
635 2823 809 2865 Religione
837 2824 981 2856 retineri.
