2305 3407
214 168 258 200 62

969 373 1293 415 DCCXVIII.

304 485 354 513 La
380 484 567 513 Comunita
592 484 626 512 di
653 484 688 512 S.
716 484 825 512 Paolo
851 484 967 512 riceve
994 484 1017 511 il
1042 487 1252 520 pagamento
1279 483 1314 511 di
1340 492 1384 511 un
1410 483 1538 518 legato.

869 579 993 604 1610
1004 594 1017 611 ‚
1047 585 1252 605 rrnarzo
1263 594 1277 610 ‚
1306 578 1385 603 21.

774 667 851 690 (Arcti.
869 667 949 688 Notar.
966 667 988 687 di
1005 666 1075 688 Pavia
1094 678 1115 680 —
1132 667 1179 688 Atti
1195 667 1217 687 di
1233 667 1325 688 Matteo
1341 667 1457 691 Nazzari).

317 838 364 953 I
454 824 485 907 {ks
510 862 671 905 Capitulo
696 864 802 895 sancti
830 862 936 895 Pauli.
963 861 1148 897 confessio
1174 864 1429 904 magnificorum
1455 864 1668 895 dominorum
1687 862 1857 896 Comitum
1877 864 2036 897 Iohannis

454 914 455 986 1
485 926 612 958 Mathei
639 928 670 957 et
696 925 821 958 Galeaz
846 925 982 958 fratrum
1008 926 1050 957 de
1077 925 1277 958 Attendolis.

255 1025 268 1026 ἶ
454 988 455 1020 i
573 988 794 1021 Reverendus
830 988 989 1020 dominus
1027 987 1121 1019 Prior
1153 988 1254 1020 frater
1291 987 1488 1020 Defendens
1513 988 1555 1020 de
1581 988 1758 1029 viqueria,
1795 989 1895 1021 frater
1930 988 2038 1021 Bene—

213 1024 338 1083 dictus
351 1051 392 1083 de
418 1051 508 1083 Nitia
534 1051 717 1088 vicharius
757 1050 858 1082 frater
898 1050 1074 1082 Barnabas
1113 1051 1155 1082 de
1197 1049 1373 1091 Pergamo,
1398 1050 1498 1082 frater
1530 1050 1703 1083 Amadeus
1743 1051 1785 1083 de
1811 1049 2038 1090 Castronovo,

215 1113 315 1145 frater
341 1113 509 1145 Antonius
535 1114 576 1145 de
601 1112 728 1151 Casali,
753 1113 854 1145 frater
880 1112 1046 1145 lohannes
1072 1112 1227 1154 Baptista
1253 1113 1294 1145 de
1320 1111 1522 1151 Conflentia‚
1547 1112 1648 1145 frater
1674 1113 1826 1146 Amelius
1851 1114 1892 1146 de
1918 1113 2038 1152 Brisia‚

214 1175 315 1207 frater
340 1176 461 1208 Vitalis
487 1176 528 1208 de
554 1175 674 1214 Basia,
700 1175 800 1207 frater
826 1175 992 1207 lohannes
1019 1175 1188 1207 Antonius
1213 1176 1254 1207 de
1280 1174 1435 1214 Sezadio‚
1461 1175 1561 1207 frater
1586 1175 1799 1217 Augustinus
1824 1177 1866 1208 de
1892 1176 2038 1216 Boscho,

215 1238 316 1270 frater
341 1237 512 1271 Steffanus
538 1239 578 1270 de
605 1238 813 1279 Aquanigra,
839 1238 938 1270 frater
979 1237 1183 1270 franciscus
1208 1238 1249 1269 de
1274 1236 1407 1276 Caxali,
1443 1237 1546 1270 frater
1582 1238 1750 1270 lohannes
1786 1238 1955 1271 Antonius
1992 1240 2033 1272 de

215 1300 377 1339 Uscian0‚
403 1300 505 1333 frater
531 1301 673 1333 Blaxius
700 1301 741 1332 de
767 1300 961 1342 Butigleria,
988 1300 1088 1331 frater
1114 1299 1266 1341 Angelus
1290 1300 1332 1332 de
1359 1299 1475 1341 Papia.
1490 1299 1592 1332 frater
1610 1300 1740 1332 Mathia
1759 1301 1800 1332 de
1818 1299 1920 1339 Clari,
1939 1302 2040 1334 frater

215 1362 309 1395 Sirus
336 1364 377 1395 de
403 1363 563 1401 Novaria,
589 1363 690 1395 frater
716 1362 855 1395 Patiens
880 1363 921 1394 de
948 1362 1109 1401 Vercelis,
1135 1362 1236 1394 frater
1262 1362 1456 1395 Bernardus
1492 1363 1533 1394 de
1567 1362 1687 1401 Brisia,
1724 1363 1825 1395 frater
1860 1363 2040 1396 Teodorus

215 1425 256 1456 de
284 1424 399 1465 Papia,
435 1423 533 1464 (sono
558 1425 734 1457 cancellati
758 1425 795 1456 fr.
823 1425 998 1456 Euxebius
1024 1425 1064 1456 de
1091 1423 1211 1457 Caxali
1238 1434 1255 1456 e
1282 1424 1480 1466 Pelegrinus
1505 1426 1546 1457 de
1573 1423 1746 1466 Milzano).
1780 1425 1844 1457 Pro
1879 1426 1972 1458 libris
1997 1427 2040 1459 73

216 1487 302 1518 sold.
329 1487 358 1525 6,
385 1487 461 1519 den.
487 1488 507 1518 2
533 1497 593 1528 pro
613 1488 740 1529 integra
767 1487 936 1519 solutione
955 1490 986 1519 et
1012 1487 1246 1519 satisfactione
1273 1487 1372 1529 legati
1411 1488 1583 1528 quondam
1611 1489 1779 1529 magnifici
1817 1489 1945 1520 domini
1983 1498 2040 1521 co-

221 1549 309 1581 mitis
336 1549 494 1581 Iohannis
521 1550 561 1581 de
589 1549 781 1581 Attendolis
798 1547 859 1589 (l).

990 1724 1263 1765 DCCXIX.

307 1833 335 1861 11
361 1833 516 1861 Comune
543 1833 577 1860 di
604 1832 715 1860 Pavia
742 1833 865 1861 chiede
891 1834 954 1861 che
980 1833 1012 1861 le
1037 1833 1211 1862 Monache
1236 1833 1548 1862 dell'Annunziata
1575 1834 1674 1862 sieno
1701 1833 1826 1862 dirette
1845 1834 1940 1870 dagli
1959 1835 2044 1864 Ere-

221 1886 345 1914 mitani
372 1886 406 1914 di
433 1886 467 1914 S.
497 1886 616 1914 Paolo.

905 1973 1041 2004 1510,
1073 1973 1275 2004 aprile,
1307 1973 1359 1998 8.

760 2061 837 2081 (Arcti.
854 2060 890 2082 del
907 2061 991 2082 Museo
1007 2061 1087 2082 Civico
1103 2061 1124 2082 di
1141 2061 1219 2082 Pavia.
1237 2073 1260 2075 —
1279 2061 1352 2082 Pacco
1369 2061 1502 2087 Religioni.

471 2263 654 2291 EVERENoi
682 2259 712 2289 in
740 2258 876 2291 Christo
903 2258 1020 2291 Patres
1047 2260 1202 2298 salutem,
1228 2262 1289 2291 etc.

301 2246 401 2361 R
581 2319 672 2352 Sono
698 2321 808 2352 circha
834 2322 911 2352 anni
939 2321 1006 2362 (loy
1032 2322 1093 2353 elie
1121 2321 1140 2352 il
1168 2321 1265 2353 Patre
1292 2322 1390 2353 fratre
1416 2321 1638 2354 Deft‘endente
1663 2323 1704 2354 de
1738 2323 1906 2364 Vigueria,
1932 2322 2046 2356 Priore

447 2418 458 2420 -
494 2384 578 2415 bene
605 2384 721 2414 merito
748 2383 799 2415 del
826 2382 1006 2416 Convento
1033 2384 1073 2415 de
1099 2383 1223 2415 Sancto
1250 2383 1355 2415 Paulo
1381 2387 1474 2416 extra
1501 2386 1609 2416 menia
1647 2384 1763 2425 Papie‚
1789 2385 1830 2417 de
1855 2394 2045 2417 consenssu

223 2446 275 2477 del
303 2419 419 2477 vostro
446 2446 633 2477 reverendo
660 2445 793 2477 Vicario
819 2444 1007 2483 Generalle,
1035 2446 1075 2477 lia
1102 2446 1229 2477 habuto
1255 2446 1428 2487 dilligente
1453 2456 1531 2478 cura
1558 2449 1589 2478 et
1615 2448 1744 2487 optimo
1769 2447 1934 2488 gubernio
1957 2448 1998 2479 de
2018 2447 2046 2479 le

298 2603 315 2625 1)
332 2603 346 2622 11
363 2602 503 2622 documento
520 2608 559 2627 per
576 2608 653 2622 errore
670 2603 687 2622 si
705 2604 770 2622 trova
787 2603 821 2622 nel
839 2608 910 2627 nacco
927 2602 986 2627 degli
1007 2603 1049 2623 atti
1072 2603 1107 2623 ‹lel
1164 2603 1249 2628 gitigno
1268 2603 1324 2627 1506,
1341 2609 1378 2624 era
1395 2603 1442 2624 cosi
1459 2605 1597 2629 composto:
1615 2604 1753 2624 venerabilis
1769 2604 1877 2624 dnniinus
1893 2603 1962 2624 irater
1979 2604 2045 2624 Fran-

231 2646 327 2666 Namari
345 2653 385 2671 per
401 2647 429 2672 gli
446 2647 497 2666 anni
517 2647 637 2667 imo-1402.

284 2690 308 2710 Αἰ
328 2691 349 2710 17
366 2690 386 2710 di
404 2691 495 2715 inaggio
511 2691 546 2711 del
565 2691 614 2711 1511]
629 2691 672 2711 alla
689 2690 812 2711 Comuniia
829 2691 850 2710 dl
867 2691 887 2711 S,
907 2691 978 2711 l’aolo
993 2692 1004 2711 ὲ
1016 2691 1111 2712 lasciata

231 2735 251 2754 la
268 2740 357 2754 somnia
374 2735 394 2754 ili
411 2735 436 2755 25
453 2735 525 2754 fiorini
543 2735 602 2755 ilzilla
623 2736 669 2755 nob
702 2735 843 2760 Marglicrita
859 2735 887 2755 <le
904 2735 998 2759 Valide,
1022 2735 1111 2756 vcdova

232 2779 253 2799 ili
270 2779 382 2803 Anneium
406 2779 525 2803 Barzicaiii,
551 2786 562 2799 c
579 2780 662 2804 inoglic
688 2780 708 2799 in
734 2780 835 2800 seconde
858 2785 930 2800 nozze
946 2780 967 2800 «li
984 2780 1041 2801 Gian
1066 2781 1111 2801 (ju-

233 2823 325 2847 glielnm
349 2823 478 2843 Landriani
503 2824 587 2844 l.'atto
603 2824 613 2844 ὲ-
630 2824 651 2843 di
669 2824 838 2844 Franco-<cinno
860 2823 951 2844 Stradav
976 2824 1005 2844 La
1024 2830 1112 2845 somnia

232 2867 290 2887 deve
306 2872 383 2888 essere
399 2869 484 2893 pagata
500 2868 582 2888 neutro
598 2870 632 2888 tre
647 2868 698 2888 alini
715 2868 774 2888 dalla
792 2870 865 2888 morte
881 2868 940 2889 della
956 2870 1083 2892 tcstntncc,
1100 2875 1111 2889 e

235 2912 263 2936 gli
280 2911 424 2935 Aigostininni
441 2918 499 2932 sono
515 2912 627 2937 obbligati
643 2918 655 2933 a
671 2912 788 2933 celebrare
811 2918 840 2933 1111
856 2912 938 2933 Officio
955 2918 994 2937 per
1017 2913 1114 2933 l'aninia

235 2955 294 2976 della
310 2956 337 2976 de
354 2956 433 2976 Valide
449 2962 460 2976 c
476 2956 512 2976 dci
528 2957 578 2976 suoi
595 2957 684 2981 parenti
700 2956 796 2977 definiti.

290 2999 304 3019 ll
321 2999 429 3024 Capitolo
445 3000 466 3020 di
484 3000 505 3020 S.
524 3000 602 3023 Paoin.
613 3001 657 3025 agli
676 3002 694 3021 ll
714 3001 735 3021 di
752 3001 822 3026 lnglio
838 3001 873 3021 dcl
888 3002 945 3026 1510,
957 3006 1022 3022 come
1035 3001 1115 3021 risulta

237 3043 350 3064 dall'atto
367 3044 394 3063 da
413 3044 450 3064 noi
474 3044 590 3065 ricordato
613 3045 671 3065 nella
695 3047 748 3065 nota
772 3047 800 3065 111
825 3046 860 3066 del
883 3046 1024 3066 nocumento
1047 3046 1082 3066 del
1104 3045 1117 3066 6

1164 2648 1240 2668 ciscus
1256 2647 1283 2668 de
1300 2647 1371 2673 Papia
1387 2648 1495 2668 visitatur
1512 2648 1631 2668 l’rovincic
1648 2648 1785 2669 Lombardie
1801 2650 1822 2669 et
1836 2654 1886 2669 cum
1899 2654 1926 2669 eo
1938 2650 1959 2669 ct
1972 2654 2045 2674 penex

1168 2697 1219 2712 euin
1235 2692 1379 2712 venerabiles
1395 2692 1480 2713 domini
1505 2692 1575 2713 frater
1599 2692 1737 2713 Laurentius
1759 2693 1787 2713 de
1810 2692 1943 2713 Mediolano
1967 2692 2045 2718 Prior,

1168 2736 1239 2756 irater
1255 2736 1387 2757 Bernardus
1402 2737 1430 2757 de
1447 2736 1526 2762 Papia,
1549 2736 1619 2757 trater
1643 2736 1762 2757 Barnabas
1778 2737 1806 2757 de
1823 2737 1935 2763 Pergamo
1947 2755 1952 2763 ,
1975 2737 2046 2759 trater

1168 2780 1282 2801 Eusebius
1297 2781 1325 2801 de
1341 2780 1426 2806 Casali,
1442 2780 1513 2801 frater
1530 2780 1615 2801 Paulus
1631 2781 1659 2801 dc
1676 2781 1755 2806 Papia,
1772 2782 1841 2802 irater
1854 2782 1966 2804 lohannes
1989 2782 2047 2808 Bap-

1169 2825 1223 2845 tista
1240 2824 1267 2845 dc
1283 2824 1421 2850 Cmffientia,
1438 2825 1508 2845 frater
1525 2825 1637 2846 lolianncs
1653 2826 1797 2850 Augustinus
1813 2826 1840 2847 dc
1857 2826 1960 2852 Bosclio,
1977 2826 2047 2848 trater

1169 2869 1281 2889 lohannes
1296 2869 1411 2889 Antonius
1427 2869 1454 2889 tle
1470 2869 1576 2894 Saccdiu,
1593 2869 1664 2890 irater
1679 2870 1815 2891 Valentinus
1831 2871 1858 2891 tle
1875 2871 1955 2897 Papia,
1977 2871 2048 2892 frater

1172 2913 1263 2933 Blasius
1279 2913 1306 2934 de
1323 2913 1450 2938 Butiiieria,
1466 2914 1536 2934 irater
1552 2914 1653 2939 Angelus
1669 2915 1697 2935 de
1714 2915 1792 2941 Papia,
1809 2915 1880 2936 irater
1896 2916 2005 2937 Nicolaus
2020 2916 2048 2937 dc

1170 2957 1316 2982 Alexandria,
1331 2957 1402 2979 frater
1418 2957 1514 2979 Pacicns
1529 2958 1557 2979 dc
1573 2959 1690 2985 Vercellis,
1702 2959 1772 2980 trater
1783 2959 1919 2981 Guilielmus
1930 2960 1958 2981 de
1970 2960 2050 2981 Redol-

1171 3001 1250 3026 des-eo,
1262 3002 1333 3022 trater
1344 3002 1482 3023 Theodorus
1493 3003 1521 3023 dc
1533 3002 1604 3029 Papia
1616 3005 1638 3024 ct
1649 3003 1720 3024 irater
1733 3003 1846 3025 Pacificus
1858 3004 1885 3025 de
1897 3004 2031 3030 Garlascho,
2045 3022 2049 3025 .

1173 3046 1211 3072 qui
1227 3045 1340 3067 iaciuntn.
1357 3046 1404 3067 fere
1420 3048 1495 3067 totuin
1512 3048 1533 3068 et
1550 3047 1664 3073 integrum
1681 3047 1822 3074 Capitulum.
