<?xml version="1.0" encoding="UTF-8"?>
<!DOCTYPE html PUBLIC "-//W3C//DTD XHTML 1.0 Transitional//EN"
    "http://www.w3.org/TR/xhtml1/DTD/xhtml1-transitional.dtd">
<html xmlns="http://www.w3.org/1999/xhtml" xml:lang="en" lang="en">
 <head>
  <title>
</title>
<meta http-equiv="Content-Type" content="text/html;charset=utf-8" />
  <meta name='ocr-system' content='tesseract 3.04.00' />
  <meta name='ocr-capabilities' content='ocr_page ocr_carea ocr_par ocr_line ocrx_word'/>
</head>
<body>
  <div class='ocr_page' id='page_1' title='image "./codexdiplomaticu03maiouoft_0090.png"; bbox 0 0 2305 3407; ppageno 0'>
   <div class='ocr_carea' id='block_1_1' title="bbox 265 187 308 218">
    <p class='ocr_par' dir='ltr' id='par_1_1' title="bbox 265 187 308 218">
     <span class='ocr_line' id='line_1_1' title="bbox 265 187 308 218; baseline 0 0"><span class='ocrx_word' id='word_1_1' title='bbox 265 187 308 218; x_wconf 88' lang='grc'><strong>30</strong></span> 
     </span>
    </p>
   </div>
   <div class='ocr_carea' id='block_1_2' title="bbox 967 393 1375 435">
    <p class='ocr_par' dir='ltr' id='par_1_2' title="bbox 967 393 1375 435">
     <span class='ocr_line' id='line_1_2' title="bbox 967 393 1375 435; baseline -0.007 0"><span class='ocrx_word' id='word_1_2' title='bbox 967 393 1375 435; x_wconf 90' lang='lat' dir='ltr'>DCLXXXVII.</span> 
     </span>
    </p>
   </div>
   <div class='ocr_carea' id='block_1_3' title="bbox 354 511 1405 547">
    <p class='ocr_par' dir='ltr' id='par_1_3' title="bbox 354 511 1405 547">
     <span class='ocr_line' id='line_1_3' title="bbox 354 511 1405 547; baseline -0.003 -5"><span class='ocrx_word' id='word_1_3' title='bbox 354 514 421 542; x_wconf 84' lang='lat' dir='ltr'><strong>Per</strong></span> <span class='ocrx_word' id='word_1_4' title='bbox 447 514 456 542; x_wconf 88' lang='lat' dir='ltr'><strong>i</strong></span> <span class='ocrx_word' id='word_1_5' title='bbox 484 514 596 542; x_wconf 85' lang='lat' dir='ltr'><strong>lavori</strong></span> <span class='ocrx_word' id='word_1_6' title='bbox 623 514 678 542; x_wconf 92' lang='lat' dir='ltr'><strong>del</strong></span> <span class='ocrx_word' id='word_1_7' title='bbox 706 514 795 542; x_wconf 89' lang='lat' dir='ltr'><strong>Coro</strong></span> <span class='ocrx_word' id='word_1_8' title='bbox 821 514 914 542; x_wconf 83' lang='lat' dir='ltr'><strong>della</strong></span> <span class='ocrx_word' id='word_1_9' title='bbox 943 513 1070 541; x_wconf 84' lang='lat' dir='ltr'><strong>Chiesa</strong></span> <span class='ocrx_word' id='word_1_10' title='bbox 1097 512 1131 540; x_wconf 92' lang='lat' dir='ltr'><strong>di</strong></span> <span class='ocrx_word' id='word_1_11' title='bbox 1157 512 1192 540; x_wconf 91' lang='lat' dir='ltr'><strong>S.</strong></span> <span class='ocrx_word' id='word_1_12' title='bbox 1221 511 1405 547; x_wconf 87' lang='lat' dir='ltr'><strong>Agostino.</strong></span> 
     </span>
    </p>
   </div>
   <div class='ocr_carea' id='block_1_4' title="bbox 904 634 1440 666">
    <p class='ocr_par' dir='ltr' id='par_1_4' title="bbox 904 634 1440 666">
     <span class='ocr_line' id='line_1_4' title="bbox 904 634 1440 666; baseline -0.004 -6"><span class='ocrx_word' id='word_1_13' title='bbox 904 635 1016 660; x_wconf 73' lang='lat'>150(</span> <span class='ocrx_word' id='word_1_14' title='bbox 1025 636 1039 658; x_wconf 66' lang='grc' dir='ltr'><strong>ἰ</strong></span> <span class='ocrx_word' id='word_1_15' title='bbox 1050 650 1064 666; x_wconf 79' lang='grc'><em>,</em></span> <span class='ocrx_word' id='word_1_16' title='bbox 1098 641 1203 659; x_wconf 67' lang='grc' dir='ltr'><strong>ιιιε,ι</strong></span> <span class='ocrx_word' id='word_1_17' title='bbox 1211 640 1301 660; x_wconf 73' lang='lat' dir='ltr'><strong>rzo</strong></span> <span class='ocrx_word' id='word_1_18' title='bbox 1313 651 1321 664; x_wconf 82' lang='lat'>‚</span> <span class='ocrx_word' id='word_1_19' title='bbox 1351 634 1440 658; x_wconf 72' lang='lat'><strong>24.</strong></span> 
     </span>
    </p>
   </div>
   <div class='ocr_carea' id='block_1_5' title="bbox 821 730 1526 754">
    <p class='ocr_par' dir='ltr' id='par_1_5' title="bbox 821 730 1526 754">
     <span class='ocr_line' id='line_1_5' title="bbox 821 730 1526 754; baseline -0.003 -2"><span class='ocrx_word' id='word_1_20' title='bbox 821 732 897 753; x_wconf 57' lang='lat' dir='ltr'><strong>rArcu,</strong></span> <span class='ocrx_word' id='word_1_21' title='bbox 915 732 968 752; x_wconf 84' lang='lat' dir='ltr'><strong>Not.</strong></span> <span class='ocrx_word' id='word_1_22' title='bbox 985 731 1006 752; x_wconf 84' lang='lat' dir='ltr'><strong>di</strong></span> <span class='ocrx_word' id='word_1_23' title='bbox 1024 731 1094 752; x_wconf 79' lang='lat' dir='ltr'><strong>Pavia</strong></span> <span class='ocrx_word' id='word_1_24' title='bbox 1111 742 1134 744; x_wconf 97' lang='lat'><strong>—</strong></span> <span class='ocrx_word' id='word_1_25' title='bbox 1151 731 1197 751; x_wconf 86' lang='lat' dir='ltr'><strong>Atti</strong></span> <span class='ocrx_word' id='word_1_26' title='bbox 1214 730 1236 751; x_wconf 84' lang='lat' dir='ltr'><strong>di</strong></span> <span class='ocrx_word' id='word_1_27' title='bbox 1252 730 1385 751; x_wconf 82' lang='lat' dir='ltr'><strong>Ottomario</strong></span> <span class='ocrx_word' id='word_1_28' title='bbox 1401 730 1428 750; x_wconf 79' lang='lat' dir='ltr'><strong>de</strong></span> <span class='ocrx_word' id='word_1_29' title='bbox 1445 730 1526 754; x_wconf 82' lang='lat' dir='ltr'><strong>Maio).</strong></span> 
     </span>
    </p>
   </div>
   <div class='ocr_carea' id='block_1_6' title="bbox 263 919 2094 2221">
    <p class='ocr_par' dir='ltr' id='par_1_6' title="bbox 369 919 2085 1034">
     <span class='ocr_line' id='line_1_6' title="bbox 369 919 2085 1033; baseline 0 -72"><span class='ocrx_word' id='word_1_30' title='bbox 369 919 416 1033; x_wconf 86' lang='grc' dir='ltr'>Ι</span> <span class='ocrx_word' id='word_1_31' title='bbox 513 936 535 961; x_wconf 88' lang='grc' dir='ltr'>Ν</span> <span class='ocrx_word' id='word_1_32' title='bbox 562 931 664 962; x_wconf 81' lang='lat' dir='ltr'><strong>clioro</strong></span> <span class='ocrx_word' id='word_1_33' title='bbox 689 930 830 961; x_wconf 81' lang='lat' dir='ltr'><strong>ecclesie</strong></span> <span class='ocrx_word' id='word_1_34' title='bbox 857 930 963 961; x_wconf 90' lang='lat' dir='ltr'><strong>sancti</strong></span> <span class='ocrx_word' id='word_1_35' title='bbox 991 929 1170 970; x_wconf 81' lang='lat' dir='ltr'><strong>Augustini</strong></span> <span class='ocrx_word' id='word_1_36' title='bbox 1198 928 1314 969; x_wconf 79' lang='lat' dir='ltr'><strong>Papie,</strong></span> <span class='ocrx_word' id='word_1_37' title='bbox 1341 929 1402 961; x_wconf 90' lang='lat' dir='ltr'><strong>site</strong></span> <span class='ocrx_word' id='word_1_38' title='bbox 1429 929 1460 960; x_wconf 89' lang='lat' dir='ltr'><strong>in</strong></span> <span class='ocrx_word' id='word_1_39' title='bbox 1486 927 1653 961; x_wconf 82' lang='lat' dir='ltr'><strong>Citadella</strong></span> <span class='ocrx_word' id='word_1_40' title='bbox 1680 928 1794 970; x_wconf 86' lang='lat' dir='ltr'><strong>Papie.</strong></span> <span class='ocrx_word' id='word_1_41' title='bbox 1813 928 1898 962; x_wconf 90' lang='lat' dir='ltr'><strong>Cum</strong></span> <span class='ocrx_word' id='word_1_42' title='bbox 1926 930 1967 961; x_wconf 93' lang='lat' dir='ltr'><strong>sit</strong></span> <span class='ocrx_word' id='word_1_43' title='bbox 1994 930 2085 970; x_wconf 94' lang='lat' dir='ltr'><strong>quod</strong></span> 
     </span>
     <span class='ocr_line' id='line_1_7' title="bbox 535 989 2085 1034; baseline -0.001 -9"><span class='ocrx_word' id='word_1_44' title='bbox 535 1003 592 1034; x_wconf 88' lang='lat' dir='ltr'><strong>per</strong></span> <span class='ocrx_word' id='word_1_45' title='bbox 617 997 648 1024; x_wconf 84' lang='lat' dir='ltr'><strong>et</strong></span> <span class='ocrx_word' id='word_1_46' title='bbox 675 994 758 1024; x_wconf 89' lang='lat' dir='ltr'><strong>inter</strong></span> <span class='ocrx_word' id='word_1_47' title='bbox 783 995 861 1024; x_wconf 91' lang='lat' dir='ltr'><strong>tunc</strong></span> <span class='ocrx_word' id='word_1_48' title='bbox 886 995 1026 1033; x_wconf 81' lang='lat' dir='ltr'>agentes</span> <span class='ocrx_word' id='word_1_49' title='bbox 1053 993 1187 1023; x_wconf 88' lang='lat' dir='ltr'><strong>nomine</strong></span> <span class='ocrx_word' id='word_1_50' title='bbox 1213 991 1295 1024; x_wconf 49' lang='lat' dir='ltr'><strong>Rani</strong></span> <span class='ocrx_word' id='word_1_51' title='bbox 1323 990 1457 1022; x_wconf 85' lang='lat' dir='ltr'>Domini</span> <span class='ocrx_word' id='word_1_52' title='bbox 1485 989 1620 1022; x_wconf 83' lang='lat' dir='ltr'>Domini</span> <span class='ocrx_word' id='word_1_53' title='bbox 1659 989 1851 1023; x_wconf 84' lang='lat' dir='ltr'><strong>Cardinalis</strong></span> <span class='ocrx_word' id='word_1_54' title='bbox 1876 994 1907 1023; x_wconf 88' lang='lat' dir='ltr'><strong>et</strong></span> <span class='ocrx_word' id='word_1_55' title='bbox 1933 993 2085 1033; x_wconf 91' lang='lat' dir='ltr'><strong>perpetui</strong></span> 
     </span>
    </p>

    <p class='ocr_par' dir='ltr' id='par_1_7' title="bbox 447 1053 2087 1095">
     <span class='ocr_line' id='line_1_8' title="bbox 447 1053 2087 1095; baseline -0.001 -8"><span class='ocrx_word' id='word_1_56' title='bbox 447 1092 497 1093; x_wconf 35' lang='lat' dir='ltr'><em>j</em></span> <span class='ocrx_word' id='word_1_57' title='bbox 533 1056 796 1088; x_wconf 84' lang='lat' dir='ltr'><strong>commendatari</strong></span> <span class='ocrx_word' id='word_1_58' title='bbox 823 1055 933 1086; x_wconf 83' lang='lat' dir='ltr'><strong>abatie</strong></span> <span class='ocrx_word' id='word_1_59' title='bbox 959 1057 990 1086; x_wconf 93' lang='lat' dir='ltr'><strong>et</strong></span> <span class='ocrx_word' id='word_1_60' title='bbox 1017 1055 1211 1086; x_wconf 86' lang='lat' dir='ltr'><strong>monasterii</strong></span> <span class='ocrx_word' id='word_1_61' title='bbox 1238 1055 1343 1086; x_wconf 87' lang='lat' dir='ltr'><strong>sancti</strong></span> <span class='ocrx_word' id='word_1_62' title='bbox 1372 1053 1457 1086; x_wconf 81' lang='lat' dir='ltr'><strong>Petri</strong></span> <span class='ocrx_word' id='word_1_63' title='bbox 1485 1055 1516 1085; x_wconf 92' lang='lat' dir='ltr'><strong>in</strong></span> <span class='ocrx_word' id='word_1_64' title='bbox 1543 1053 1626 1086; x_wconf 91' lang='lat' dir='ltr'><strong>Celo</strong></span> <span class='ocrx_word' id='word_1_65' title='bbox 1652 1063 1754 1086; x_wconf 86' lang='lat' dir='ltr'><strong>aureo</strong></span> <span class='ocrx_word' id='word_1_66' title='bbox 1781 1053 1884 1094; x_wconf 82' lang='lat' dir='ltr'><strong>Papie</strong></span> <span class='ocrx_word' id='word_1_67' title='bbox 1911 1057 2003 1095; x_wconf 90' lang='lat' dir='ltr'><strong>parte</strong></span> <span class='ocrx_word' id='word_1_68' title='bbox 2022 1063 2087 1086; x_wconf 88' lang='lat' dir='ltr'><strong>una</strong></span> 
     </span>
    </p>

    <p class='ocr_par' dir='ltr' id='par_1_8' title="bbox 263 1116 2094 2221">
     <span class='ocr_line' id='line_1_9' title="bbox 263 1116 2086 1160; baseline -0.001 -10"><span class='ocrx_word' id='word_1_69' title='bbox 263 1122 293 1150; x_wconf 89' lang='lat' dir='ltr'><strong>et</strong></span> <span class='ocrx_word' id='word_1_70' title='bbox 320 1120 479 1160; x_wconf 79' lang='lat' dir='ltr'><strong>magister</strong></span> <span class='ocrx_word' id='word_1_71' title='bbox 505 1118 718 1159; x_wconf 80' lang='lat' dir='ltr'>Augustinus</span> <span class='ocrx_word' id='word_1_72' title='bbox 745 1117 785 1148; x_wconf 89' lang='lat' dir='ltr'><strong>de</strong></span> <span class='ocrx_word' id='word_1_73' title='bbox 812 1117 1002 1158; x_wconf 77' lang='lat' dir='ltr'><strong>Bigliarelis</strong></span> <span class='ocrx_word' id='word_1_74' title='bbox 1029 1119 1122 1157; x_wconf 87' lang='lat' dir='ltr'><strong>parte</strong></span> <span class='ocrx_word' id='word_1_75' title='bbox 1148 1117 1262 1153; x_wconf 82' lang='lat' dir='ltr'><strong>altera,</strong></span> <span class='ocrx_word' id='word_1_76' title='bbox 1278 1116 1364 1148; x_wconf 85' lang='lat' dir='ltr'><strong>facte</strong></span> <span class='ocrx_word' id='word_1_77' title='bbox 1383 1116 1503 1147; x_wconf 87' lang='lat' dir='ltr'><strong>fuerint</strong></span> <span class='ocrx_word' id='word_1_78' title='bbox 1522 1118 1611 1148; x_wconf 90' lang='lat' dir='ltr'><strong>certe</strong></span> <span class='ocrx_word' id='word_1_79' title='bbox 1625 1117 1881 1154; x_wconf 89' lang='lat' dir='ltr'><strong>conventiones,</strong></span> <span class='ocrx_word' id='word_1_80' title='bbox 1908 1117 2086 1148; x_wconf 86' lang='lat' dir='ltr'><strong>occasione</strong></span> 
     </span>
     <span class='ocr_line' id='line_1_10' title="bbox 263 1177 2081 1220; baseline -0.001 -7"><span class='ocrx_word' id='word_1_81' title='bbox 263 1182 525 1213; x_wconf 68' lang='lat' dir='ltr'><strong>constructionis</strong></span> <span class='ocrx_word' id='word_1_82' title='bbox 553 1182 652 1212; x_wconf 89' lang='lat' dir='ltr'><strong>unius</strong></span> <span class='ocrx_word' id='word_1_83' title='bbox 677 1181 780 1218; x_wconf 78' lang='lat' dir='ltr'><strong>chori,</strong></span> <span class='ocrx_word' id='word_1_84' title='bbox 808 1180 907 1211; x_wconf 80' lang='lat' dir='ltr'><strong>fiendi</strong></span> <span class='ocrx_word' id='word_1_85' title='bbox 935 1179 1069 1211; x_wconf 87' lang='lat' dir='ltr'><strong>nomine</strong></span> <span class='ocrx_word' id='word_1_86' title='bbox 1096 1179 1213 1219; x_wconf 80' lang='lat' dir='ltr'><strong>prefati</strong></span> <span class='ocrx_word' id='word_1_87' title='bbox 1241 1179 1367 1210; x_wconf 89' lang='lat' dir='ltr'><strong>domini</strong></span> <span class='ocrx_word' id='word_1_88' title='bbox 1395 1177 1586 1211; x_wconf 86' lang='lat' dir='ltr'><strong>Cardinalis</strong></span> <span class='ocrx_word' id='word_1_89' title='bbox 1612 1180 1764 1220; x_wconf 86' lang='lat' dir='ltr'><strong>perpetui</strong></span> <span class='ocrx_word' id='word_1_90' title='bbox 1783 1178 2081 1219; x_wconf 87' lang='lat' dir='ltr'><strong>Commendatarii,</strong></span> 
     </span>
     <span class='ocr_line' id='line_1_11' title="bbox 264 1241 2089 1284; baseline -0.001 -8"><span class='ocrx_word' id='word_1_91' title='bbox 264 1245 295 1275; x_wconf 92' lang='lat' dir='ltr'><strong>in</strong></span> <span class='ocrx_word' id='word_1_92' title='bbox 322 1244 467 1276; x_wconf 80' lang='lat' dir='ltr'><strong>ecclesia</strong></span> <span class='ocrx_word' id='word_1_93' title='bbox 493 1244 599 1275; x_wconf 85' lang='lat' dir='ltr'><strong>sancti</strong></span> <span class='ocrx_word' id='word_1_94' title='bbox 627 1243 807 1284; x_wconf 83' lang='lat' dir='ltr'><strong>Augustini</strong></span> <span class='ocrx_word' id='word_1_95' title='bbox 836 1241 950 1282; x_wconf 82' lang='lat' dir='ltr'><strong>Papic,</strong></span> <span class='ocrx_word' id='word_1_96' title='bbox 977 1251 1037 1282; x_wconf 89' lang='lat' dir='ltr'><strong>pro</strong></span> <span class='ocrx_word' id='word_1_97' title='bbox 1062 1242 1158 1273; x_wconf 90' lang='lat' dir='ltr'><strong>cuius</strong></span> <span class='ocrx_word' id='word_1_98' title='bbox 1185 1242 1277 1273; x_wconf 78' lang='lat' dir='ltr'><strong>cliori</strong></span> <span class='ocrx_word' id='word_1_99' title='bbox 1304 1242 1556 1273; x_wconf 88' lang='lat' dir='ltr'><strong>constructione</strong></span> <span class='ocrx_word' id='word_1_100' title='bbox 1583 1241 1702 1283; x_wconf 79' lang='lat' dir='ltr'><strong>prefati</strong></span> <span class='ocrx_word' id='word_1_101' title='bbox 1729 1244 1806 1274; x_wconf 94' lang='lat' dir='ltr'><strong>tunc</strong></span> <span class='ocrx_word' id='word_1_102' title='bbox 1840 1245 1980 1283; x_wconf 84' lang='lat' dir='ltr'><strong>agentes</strong></span> <span class='ocrx_word' id='word_1_103' title='bbox 2006 1243 2089 1275; x_wconf 89' lang='lat' dir='ltr'><strong>inter</strong></span> 
     </span>
     <span class='ocr_line' id='line_1_12' title="bbox 264 1303 2089 1347; baseline -0.001 -9"><span class='ocrx_word' id='word_1_104' title='bbox 264 1309 372 1338; x_wconf 82' lang='lat' dir='ltr'><strong>cetera</strong></span> <span class='ocrx_word' id='word_1_105' title='bbox 399 1307 625 1347; x_wconf 85' lang='lat' dir='ltr'><strong>promiserunt</strong></span> <span class='ocrx_word' id='word_1_106' title='bbox 651 1309 682 1337; x_wconf 90' lang='lat' dir='ltr'><strong>et</strong></span> <span class='ocrx_word' id='word_1_107' title='bbox 708 1307 939 1337; x_wconf 90' lang='lat' dir='ltr'><strong>convenerunt</strong></span> <span class='ocrx_word' id='word_1_108' title='bbox 965 1305 1074 1336; x_wconf 85' lang='lat' dir='ltr'><strong>eidem</strong></span> <span class='ocrx_word' id='word_1_109' title='bbox 1102 1305 1263 1345; x_wconf 85' lang='lat' dir='ltr'><strong>magistro</strong></span> <span class='ocrx_word' id='word_1_110' title='bbox 1289 1303 1481 1345; x_wconf 81' lang='lat' dir='ltr'><strong>Augustino</strong></span> <span class='ocrx_word' id='word_1_111' title='bbox 1507 1305 1597 1342; x_wconf 80' lang='lat' dir='ltr'><strong>dare,</strong></span> <span class='ocrx_word' id='word_1_112' title='bbox 1624 1305 1753 1336; x_wconf 83' lang='lat' dir='ltr'><strong>tradere</strong></span> <span class='ocrx_word' id='word_1_113' title='bbox 1779 1307 1810 1336; x_wconf 92' lang='lat' dir='ltr'><strong>et</strong></span> <span class='ocrx_word' id='word_1_114' title='bbox 1835 1305 1968 1337; x_wconf 88' lang='lat' dir='ltr'><strong>solvere</strong></span> <span class='ocrx_word' id='word_1_115' title='bbox 2005 1314 2089 1337; x_wconf 91' lang='lat' dir='ltr'><strong>non-</strong></span> 
     </span>
     <span class='ocr_line' id='line_1_13' title="bbox 265 1367 2090 1409; baseline 0 -9"><span class='ocrx_word' id='word_1_116' title='bbox 265 1369 375 1400; x_wconf 88' lang='lat' dir='ltr'><strong>nullas</strong></span> <span class='ocrx_word' id='word_1_117' title='bbox 402 1369 620 1409; x_wconf 79' lang='lat' dir='ltr'><strong>pecuniarum</strong></span> <span class='ocrx_word' id='word_1_118' title='bbox 648 1368 864 1408; x_wconf 82' lang='lat' dir='ltr'><strong>quantitates,</strong></span> <span class='ocrx_word' id='word_1_119' title='bbox 890 1371 921 1399; x_wconf 89' lang='lat' dir='ltr'><strong>et</strong></span> <span class='ocrx_word' id='word_1_120' title='bbox 946 1368 1173 1408; x_wconf 88' lang='lat' dir='ltr'><strong>promiserunt</strong></span> <span class='ocrx_word' id='word_1_121' title='bbox 1198 1367 1306 1399; x_wconf 90' lang='lat' dir='ltr'><strong>eidem</strong></span> <span class='ocrx_word' id='word_1_122' title='bbox 1334 1368 1495 1409; x_wconf 88' lang='lat' dir='ltr'><strong>magistro</strong></span> <span class='ocrx_word' id='word_1_123' title='bbox 1521 1367 1713 1409; x_wconf 86' lang='lat' dir='ltr'><strong>Augustino</strong></span> <span class='ocrx_word' id='word_1_124' title='bbox 1732 1377 1797 1399; x_wconf 89' lang='lat' dir='ltr'><strong>non</strong></span> <span class='ocrx_word' id='word_1_125' title='bbox 1817 1369 2006 1408; x_wconf 85' lang='lat' dir='ltr'><strong>permittere</strong></span> <span class='ocrx_word' id='word_1_126' title='bbox 2032 1369 2090 1400; x_wconf 90' lang='lat' dir='ltr'><strong>de—</strong></span> 
     </span>
     <span class='ocr_line' id='line_1_14' title="bbox 265 1430 2090 1471; baseline 0 -9"><span class='ocrx_word' id='word_1_127' title='bbox 265 1432 361 1462; x_wconf 80' lang='lat' dir='ltr'><strong>ficere</strong></span> <span class='ocrx_word' id='word_1_128' title='bbox 389 1431 551 1471; x_wconf 81' lang='lat' dir='ltr'><strong>pecunias</strong></span> <span class='ocrx_word' id='word_1_129' title='bbox 577 1439 638 1471; x_wconf 88' lang='lat' dir='ltr'><strong>pro</strong></span> <span class='ocrx_word' id='word_1_130' title='bbox 663 1431 816 1462; x_wconf 84' lang='lat' dir='ltr'><strong>emendis</strong></span> <span class='ocrx_word' id='word_1_131' title='bbox 842 1430 1045 1461; x_wconf 84' lang='lat' dir='ltr'><strong>necessariis</strong></span> <span class='ocrx_word' id='word_1_132' title='bbox 1071 1438 1131 1470; x_wconf 87' lang='lat' dir='ltr'><strong>pro</strong></span> <span class='ocrx_word' id='word_1_133' title='bbox 1159 1430 1234 1470; x_wconf 88' lang='lat' dir='ltr'><strong>ipso</strong></span> <span class='ocrx_word' id='word_1_134' title='bbox 1260 1430 1374 1468; x_wconf 82' lang='lat' dir='ltr'><strong>choro,</strong></span> <span class='ocrx_word' id='word_1_135' title='bbox 1400 1439 1438 1461; x_wconf 89' lang='lat' dir='ltr'><strong>ac</strong></span> <span class='ocrx_word' id='word_1_136' title='bbox 1465 1431 1564 1461; x_wconf 82' lang='lat' dir='ltr'><strong>etiam</strong></span> <span class='ocrx_word' id='word_1_137' title='bbox 1592 1439 1652 1471; x_wconf 90' lang='lat' dir='ltr'><strong>pro</strong></span> <span class='ocrx_word' id='word_1_138' title='bbox 1678 1431 1831 1462; x_wconf 88' lang='lat' dir='ltr'><strong>mercede</strong></span> <span class='ocrx_word' id='word_1_139' title='bbox 1851 1431 1960 1471; x_wconf 89' lang='lat' dir='ltr'><strong>ipsius</strong></span> <span class='ocrx_word' id='word_1_140' title='bbox 1986 1433 2017 1462; x_wconf 92' lang='lat' dir='ltr'><strong>et</strong></span> <span class='ocrx_word' id='word_1_141' title='bbox 2044 1431 2090 1462; x_wconf 93' lang='lat' dir='ltr'><strong>la-</strong></span> 
     </span>
     <span class='ocr_line' id='line_1_15' title="bbox 265 1492 2089 1534; baseline 0 -9"><span class='ocrx_word' id='word_1_142' title='bbox 265 1494 458 1525; x_wconf 86' lang='lat' dir='ltr'><strong>boratorum</strong></span> <span class='ocrx_word' id='word_1_143' title='bbox 486 1502 523 1525; x_wconf 86' lang='lat' dir='ltr'><strong>ac</strong></span> <span class='ocrx_word' id='word_1_144' title='bbox 550 1494 785 1534; x_wconf 86' lang='lat' dir='ltr'><strong>magistrorum</strong></span> <span class='ocrx_word' id='word_1_145' title='bbox 825 1495 855 1524; x_wconf 86' lang='lat' dir='ltr'><strong>et</strong></span> <span class='ocrx_word' id='word_1_146' title='bbox 892 1492 1122 1533; x_wconf 86' lang='lat' dir='ltr'><strong>operariorum</strong></span> <span class='ocrx_word' id='word_1_147' title='bbox 1160 1502 1308 1524; x_wconf 91' lang='lat' dir='ltr'><strong>suorum.</strong></span> <span class='ocrx_word' id='word_1_148' title='bbox 1336 1493 1475 1524; x_wconf 83' lang='lat' dir='ltr'><strong>Etcum</strong></span> <span class='ocrx_word' id='word_1_149' title='bbox 1514 1493 1578 1524; x_wconf 89' lang='lat' dir='ltr'><strong>iam</strong></span> <span class='ocrx_word' id='word_1_150' title='bbox 1617 1493 1746 1533; x_wconf 87' lang='lat' dir='ltr'><strong>pridem</strong></span> <span class='ocrx_word' id='word_1_151' title='bbox 1773 1495 1803 1524; x_wconf 89' lang='lat' dir='ltr'><strong>et</strong></span> <span class='ocrx_word' id='word_1_152' title='bbox 1829 1494 1939 1525; x_wconf 82' lang='lat' dir='ltr'><strong>circha</strong></span> <span class='ocrx_word' id='word_1_153' title='bbox 1980 1502 2089 1525; x_wconf 89' lang='lat' dir='ltr'><strong>annos</strong></span> 
     </span>
     <span class='ocr_line' id='line_1_16' title="bbox 267 1555 2088 1596; baseline 0.001 -9"><span class='ocrx_word' id='word_1_154' title='bbox 267 1557 354 1587; x_wconf 88' lang='lat' dir='ltr'><strong>duos</strong></span> <span class='ocrx_word' id='word_1_155' title='bbox 381 1557 453 1596; x_wconf 86' lang='lat' dir='ltr'><strong>ipse</strong></span> <span class='ocrx_word' id='word_1_156' title='bbox 481 1556 684 1587; x_wconf 84' lang='lat' dir='ltr'><strong>laboraverit</strong></span> <span class='ocrx_word' id='word_1_157' title='bbox 721 1557 751 1586; x_wconf 89' lang='lat' dir='ltr'><strong>et</strong></span> <span class='ocrx_word' id='word_1_158' title='bbox 789 1556 917 1587; x_wconf 81' lang='lat' dir='ltr'><strong>laboret</strong></span> <span class='ocrx_word' id='word_1_159' title='bbox 945 1556 975 1587; x_wconf 93' lang='lat' dir='ltr'><strong>in</strong></span> <span class='ocrx_word' id='word_1_160' title='bbox 1002 1555 1252 1586; x_wconf 88' lang='lat' dir='ltr'><strong>constructione</strong></span> <span class='ocrx_word' id='word_1_161' title='bbox 1290 1555 1367 1586; x_wconf 86' lang='lat' dir='ltr'><strong>dicti</strong></span> <span class='ocrx_word' id='word_1_162' title='bbox 1398 1555 1490 1586; x_wconf 79' lang='lat' dir='ltr'><strong>cliori</strong></span> <span class='ocrx_word' id='word_1_163' title='bbox 1516 1557 1547 1586; x_wconf 88' lang='lat' dir='ltr'><strong>et</strong></span> <span class='ocrx_word' id='word_1_164' title='bbox 1573 1555 1695 1586; x_wconf 86' lang='lat' dir='ltr'><strong>fuerint</strong></span> <span class='ocrx_word' id='word_1_165' title='bbox 1721 1558 1751 1586; x_wconf 91' lang='lat' dir='ltr'><strong>et</strong></span> <span class='ocrx_word' id='word_1_166' title='bbox 1777 1556 1844 1587; x_wconf 89' lang='lat' dir='ltr'><strong>sint</strong></span> <span class='ocrx_word' id='word_1_167' title='bbox 1869 1556 2009 1587; x_wconf 88' lang='lat' dir='ltr'><strong>emende</strong></span> <span class='ocrx_word' id='word_1_168' title='bbox 2033 1564 2088 1588; x_wconf 84' lang='lat' dir='ltr'><strong>as-</strong></span> 
     </span>
     <span class='ocr_line' id='line_1_17' title="bbox 267 1618 2090 1659; baseline 0 -9"><span class='ocrx_word' id='word_1_169' title='bbox 267 1619 360 1650; x_wconf 88' lang='lat' dir='ltr'><strong>sides</strong></span> <span class='ocrx_word' id='word_1_170' title='bbox 386 1621 416 1650; x_wconf 89' lang='lat' dir='ltr'><strong>et</strong></span> <span class='ocrx_word' id='word_1_171' title='bbox 443 1619 578 1650; x_wconf 91' lang='lat' dir='ltr'><strong>intersie</strong></span> <span class='ocrx_word' id='word_1_172' title='bbox 604 1619 635 1649; x_wconf 88' lang='lat' dir='ltr'><strong>et</strong></span> <span class='ocrx_word' id='word_1_173' title='bbox 661 1618 725 1649; x_wconf 87' lang='lat' dir='ltr'><strong>alia</strong></span> <span class='ocrx_word' id='word_1_174' title='bbox 753 1618 935 1659; x_wconf 83' lang='lat' dir='ltr'><strong>lignamina</strong></span> <span class='ocrx_word' id='word_1_175' title='bbox 973 1618 1174 1655; x_wconf 84' lang='lat' dir='ltr'><strong>necessaria,</strong></span> <span class='ocrx_word' id='word_1_176' title='bbox 1212 1619 1243 1649; x_wconf 90' lang='lat' dir='ltr'><strong>et</strong></span> <span class='ocrx_word' id='word_1_177' title='bbox 1281 1618 1356 1648; x_wconf 88' lang='lat' dir='ltr'><strong>licet</strong></span> <span class='ocrx_word' id='word_1_178' title='bbox 1393 1618 1583 1657; x_wconf 86' lang='lat' dir='ltr'><strong>requisierit</strong></span> <span class='ocrx_word' id='word_1_179' title='bbox 1615 1626 1696 1658; x_wconf 89' lang='lat' dir='ltr'><strong>sepe</strong></span> <span class='ocrx_word' id='word_1_180' title='bbox 1722 1620 1752 1649; x_wconf 90' lang='lat' dir='ltr'><strong>et</strong></span> <span class='ocrx_word' id='word_1_181' title='bbox 1778 1618 1895 1658; x_wconf 92' lang='lat' dir='ltr'><strong>sepius</strong></span> <span class='ocrx_word' id='word_1_182' title='bbox 1928 1619 2090 1658; x_wconf 83' lang='lat' dir='ltr'><strong>pecunias</strong></span> 
     </span>
     <span class='ocr_line' id='line_1_18' title="bbox 269 1680 2091 1721; baseline 0 -9"><span class='ocrx_word' id='word_1_183' title='bbox 269 1681 492 1719; x_wconf 87' lang='lat' dir='ltr'><strong>necessarias,</strong></span> <span class='ocrx_word' id='word_1_184' title='bbox 519 1689 604 1721; x_wconf 89' lang='lat' dir='ltr'><strong>quas</strong></span> <span class='ocrx_word' id='word_1_185' title='bbox 632 1680 755 1711; x_wconf 81' lang='lat' dir='ltr'><strong>habere</strong></span> <span class='ocrx_word' id='word_1_186' title='bbox 783 1689 848 1711; x_wconf 88' lang='lat' dir='ltr'><strong>non</strong></span> <span class='ocrx_word' id='word_1_187' title='bbox 876 1680 984 1720; x_wconf 86' lang='lat' dir='ltr'><strong>potuit</strong></span> <span class='ocrx_word' id='word_1_188' title='bbox 1010 1689 1070 1711; x_wconf 92' lang='lat' dir='ltr'><strong>nec</strong></span> <span class='ocrx_word' id='word_1_189' title='bbox 1097 1682 1220 1720; x_wconf 87' lang='lat' dir='ltr'><strong>potest,</strong></span> <span class='ocrx_word' id='word_1_190' title='bbox 1247 1689 1307 1720; x_wconf 92' lang='lat' dir='ltr'><strong>pro</strong></span> <span class='ocrx_word' id='word_1_191' title='bbox 1334 1680 1495 1720; x_wconf 87' lang='lat' dir='ltr'><strong>predictis</strong></span> <span class='ocrx_word' id='word_1_192' title='bbox 1521 1680 1673 1711; x_wconf 84' lang='lat' dir='ltr'><strong>emendis</strong></span> <span class='ocrx_word' id='word_1_193' title='bbox 1698 1689 1736 1711; x_wconf 87' lang='lat' dir='ltr'><strong>ac</strong></span> <span class='ocrx_word' id='word_1_194' title='bbox 1763 1681 1926 1720; x_wconf 88' lang='lat' dir='ltr'><strong>expensis</strong></span> <span class='ocrx_word' id='word_1_195' title='bbox 1951 1683 1983 1712; x_wconf 93' lang='lat' dir='ltr'><strong>et</strong></span> <span class='ocrx_word' id='word_1_196' title='bbox 2008 1689 2091 1712; x_wconf 91' lang='lat' dir='ltr'><strong>mer-</strong></span> 
     </span>
     <span class='ocr_line' id='line_1_19' title="bbox 266 1743 2090 1784; baseline 0 -10"><span class='ocrx_word' id='word_1_197' title='bbox 266 1744 348 1775; x_wconf 86' lang='lat' dir='ltr'><strong>cede</strong></span> <span class='ocrx_word' id='word_1_198' title='bbox 374 1752 434 1775; x_wconf 89' lang='lat' dir='ltr'><strong>sua</strong></span> <span class='ocrx_word' id='word_1_199' title='bbox 461 1746 492 1774; x_wconf 92' lang='lat' dir='ltr'><strong>et</strong></span> <span class='ocrx_word' id='word_1_200' title='bbox 517 1743 749 1783; x_wconf 86' lang='lat' dir='ltr'><strong>operariorum</strong></span> <span class='ocrx_word' id='word_1_201' title='bbox 775 1751 813 1774; x_wconf 86' lang='lat' dir='ltr'><strong>ac</strong></span> <span class='ocrx_word' id='word_1_202' title='bbox 840 1743 1076 1783; x_wconf 88' lang='lat' dir='ltr'><strong>magistrorum</strong></span> <span class='ocrx_word' id='word_1_203' title='bbox 1103 1751 1241 1773; x_wconf 91' lang='lat' dir='ltr'><strong>suorum</strong></span> <span class='ocrx_word' id='word_1_204' title='bbox 1268 1743 1401 1780; x_wconf 83' lang='lat' dir='ltr'><strong>fiendis,</strong></span> <span class='ocrx_word' id='word_1_205' title='bbox 1426 1744 1572 1774; x_wconf 88' lang='lat' dir='ltr'><strong>attamen</strong></span> <span class='ocrx_word' id='word_1_206' title='bbox 1599 1743 1761 1783; x_wconf 87' lang='lat' dir='ltr'><strong>pecunias</strong></span> <span class='ocrx_word' id='word_1_207' title='bbox 1787 1743 1911 1774; x_wconf 84' lang='lat' dir='ltr'><strong>habere</strong></span> <span class='ocrx_word' id='word_1_208' title='bbox 1938 1752 2004 1774; x_wconf 88' lang='lat' dir='ltr'><strong>non</strong></span> <span class='ocrx_word' id='word_1_209' title='bbox 2030 1752 2090 1784; x_wconf 89' lang='lat' dir='ltr'><strong>po-</strong></span> 
     </span>
     <span class='ocr_line' id='line_1_20' title="bbox 267 1804 2090 1846; baseline 0 -9"><span class='ocrx_word' id='word_1_210' title='bbox 267 1807 328 1837; x_wconf 89' lang='lat' dir='ltr'><strong>tuit</strong></span> <span class='ocrx_word' id='word_1_211' title='bbox 354 1815 413 1837; x_wconf 86' lang='lat' dir='ltr'><strong>nec</strong></span> <span class='ocrx_word' id='word_1_212' title='bbox 440 1807 562 1846; x_wconf 85' lang='lat' dir='ltr'><strong>potest,</strong></span> <span class='ocrx_word' id='word_1_213' title='bbox 589 1805 620 1836; x_wconf 92' lang='lat' dir='ltr'><strong>in</strong></span> <span class='ocrx_word' id='word_1_214' title='bbox 648 1805 832 1836; x_wconf 86' lang='lat' dir='ltr'><strong>maximum</strong></span> <span class='ocrx_word' id='word_1_215' title='bbox 859 1805 1043 1845; x_wconf 85' lang='lat' dir='ltr'><strong>dampnum</strong></span> <span class='ocrx_word' id='word_1_216' title='bbox 1070 1806 1101 1836; x_wconf 90' lang='lat' dir='ltr'><strong>et</strong></span> <span class='ocrx_word' id='word_1_217' title='bbox 1127 1805 1348 1845; x_wconf 88' lang='lat' dir='ltr'><strong>preiudicium</strong></span> <span class='ocrx_word' id='word_1_218' title='bbox 1376 1805 1485 1845; x_wconf 90' lang='lat' dir='ltr'><strong>ipsius</strong></span> <span class='ocrx_word' id='word_1_219' title='bbox 1511 1805 1660 1845; x_wconf 84' lang='lat' dir='ltr'><strong>magistri</strong></span> <span class='ocrx_word' id='word_1_220' title='bbox 1687 1804 1888 1846; x_wconf 87' lang='lat' dir='ltr'><strong>Augustini:</strong></span> <span class='ocrx_word' id='word_1_221' title='bbox 1916 1804 1979 1836; x_wconf 82' lang='lat' dir='ltr'><strong>Pro</strong></span> <span class='ocrx_word' id='word_1_222' title='bbox 1997 1807 2090 1837; x_wconf 89' lang='lat' dir='ltr'><strong>tanto</strong></span> 
     </span>
     <span class='ocr_line' id='line_1_21' title="bbox 269 1866 2090 1908; baseline 0 -9"><span class='ocrx_word' id='word_1_223' title='bbox 269 1870 298 1899; x_wconf 89' lang='lat' dir='ltr'><strong>in</strong></span> <span class='ocrx_word' id='word_1_224' title='bbox 327 1869 387 1899; x_wconf 85' lang='lat' dir='ltr'><strong>mei</strong></span> <span class='ocrx_word' id='word_1_225' title='bbox 417 1869 533 1900; x_wconf 88' lang='lat' dir='ltr'><strong>notarii</strong></span> <span class='ocrx_word' id='word_1_226' title='bbox 561 1871 591 1899; x_wconf 90' lang='lat' dir='ltr'><strong>et</strong></span> <span class='ocrx_word' id='word_1_227' title='bbox 618 1868 752 1899; x_wconf 86' lang='lat' dir='ltr'><strong>testium</strong></span> <span class='ocrx_word' id='word_1_228' title='bbox 780 1867 1070 1908; x_wconf 87' lang='lat' dir='ltr'><strong>infrascriptorum</strong></span> <span class='ocrx_word' id='word_1_229' title='bbox 1097 1868 1276 1908; x_wconf 88' lang='lat' dir='ltr'><strong>presentia,</strong></span> <span class='ocrx_word' id='word_1_230' title='bbox 1304 1868 1376 1907; x_wconf 90' lang='lat' dir='ltr'><strong>ipse</strong></span> <span class='ocrx_word' id='word_1_231' title='bbox 1403 1868 1561 1908; x_wconf 85' lang='lat' dir='ltr'><strong>magister</strong></span> <span class='ocrx_word' id='word_1_232' title='bbox 1587 1866 1799 1907; x_wconf 89' lang='lat' dir='ltr'><strong>Augustinus</strong></span> <span class='ocrx_word' id='word_1_233' title='bbox 1825 1877 1864 1899; x_wconf 85' lang='lat' dir='ltr'><strong>ne</strong></span> <span class='ocrx_word' id='word_1_234' title='bbox 1884 1877 2030 1908; x_wconf 91' lang='lat' dir='ltr'><strong>unquam</strong></span> <span class='ocrx_word' id='word_1_235' title='bbox 2050 1868 2090 1899; x_wconf 89' lang='lat' dir='ltr'><strong>de</strong></span> 
     </span>
     <span class='ocr_line' id='line_1_22' title="bbox 267 1929 2091 1971; baseline -0.001 -9"><span class='ocrx_word' id='word_1_236' title='bbox 267 1931 381 1971; x_wconf 88' lang='lat' dir='ltr'><strong>aliqua</strong></span> <span class='ocrx_word' id='word_1_237' title='bbox 408 1931 518 1971; x_wconf 86' lang='lat' dir='ltr'><strong>culpa,</strong></span> <span class='ocrx_word' id='word_1_238' title='bbox 544 1931 634 1967; x_wconf 85' lang='lat' dir='ltr'><strong>dolo,</strong></span> <span class='ocrx_word' id='word_1_239' title='bbox 662 1939 754 1962; x_wconf 85' lang='lat' dir='ltr'><strong>mora</strong></span> <span class='ocrx_word' id='word_1_240' title='bbox 780 1932 811 1961; x_wconf 89' lang='lat' dir='ltr'><strong>et</strong></span> <span class='ocrx_word' id='word_1_241' title='bbox 837 1930 1041 1971; x_wconf 87' lang='lat' dir='ltr'><strong>negligentia</strong></span> <span class='ocrx_word' id='word_1_242' title='bbox 1069 1930 1178 1970; x_wconf 88' lang='lat' dir='ltr'><strong>possit</strong></span> <span class='ocrx_word' id='word_1_243' title='bbox 1203 1930 1312 1961; x_wconf 87' lang='lat' dir='ltr'><strong>eidem</strong></span> <span class='ocrx_word' id='word_1_244' title='bbox 1339 1930 1500 1971; x_wconf 87' lang='lat' dir='ltr'><strong>magistro</strong></span> <span class='ocrx_word' id='word_1_245' title='bbox 1526 1929 1717 1971; x_wconf 85' lang='lat' dir='ltr'><strong>Augustino</strong></span> <span class='ocrx_word' id='word_1_246' title='bbox 1734 1930 1856 1961; x_wconf 85' lang='lat' dir='ltr'><strong>ascribi</strong></span> <span class='ocrx_word' id='word_1_247' title='bbox 1875 1932 1906 1961; x_wconf 90' lang='lat' dir='ltr'><strong>et</strong></span> <span class='ocrx_word' id='word_1_248' title='bbox 1925 1931 2091 1971; x_wconf 82' lang='lat' dir='ltr'><strong>imputari,</strong></span> 
     </span>
     <span class='ocr_line' id='line_1_23' title="bbox 268 1992 2093 2034; baseline -0.001 -9"><span class='ocrx_word' id='word_1_249' title='bbox 268 1996 400 2034; x_wconf 87' lang='lat' dir='ltr'><strong>sponte,</strong></span> <span class='ocrx_word' id='word_1_250' title='bbox 426 1996 487 2025; x_wconf 86' lang='lat' dir='ltr'><strong>etc.</strong></span> <span class='ocrx_word' id='word_1_251' title='bbox 516 1994 643 2031; x_wconf 83' lang='lat' dir='ltr'><strong>iterato,</strong></span> <span class='ocrx_word' id='word_1_252' title='bbox 671 1994 843 2031; x_wconf 88' lang='lat' dir='ltr'><strong>instanter,</strong></span> <span class='ocrx_word' id='word_1_253' title='bbox 871 1993 1051 2024; x_wconf 80' lang='lat' dir='ltr'><strong>instantius</strong></span> <span class='ocrx_word' id='word_1_254' title='bbox 1078 1994 1109 2024; x_wconf 91' lang='lat' dir='ltr'><strong>et</strong></span> <span class='ocrx_word' id='word_1_255' title='bbox 1135 1992 1379 2024; x_wconf 85' lang='lat' dir='ltr'><strong>instantissime</strong></span> <span class='ocrx_word' id='word_1_256' title='bbox 1406 1992 1499 2032; x_wconf 87' lang='lat' dir='ltr'><strong>petiit</strong></span> <span class='ocrx_word' id='word_1_257' title='bbox 1514 1994 1544 2023; x_wconf 93' lang='lat' dir='ltr'><strong>et</strong></span> <span class='ocrx_word' id='word_1_258' title='bbox 1559 1993 1788 2032; x_wconf 87' lang='lat' dir='ltr'><strong>requisivitac</strong></span> <span class='ocrx_word' id='word_1_259' title='bbox 1806 1993 1888 2032; x_wconf 91' lang='lat' dir='ltr'><strong>petit</strong></span> <span class='ocrx_word' id='word_1_260' title='bbox 1906 1994 1937 2024; x_wconf 91' lang='lat' dir='ltr'><strong>et</strong></span> <span class='ocrx_word' id='word_1_261' title='bbox 1955 1993 2093 2033; x_wconf 85' lang='lat' dir='ltr'><strong>requirit</strong></span> 
     </span>
     <span class='ocr_line' id='line_1_24' title="bbox 271 2052 2093 2095; baseline -0.001 -8"><span class='ocrx_word' id='word_1_262' title='bbox 271 2057 453 2088; x_wconf 81' lang='lat' dir='ltr'><strong>venerabili</strong></span> <span class='ocrx_word' id='word_1_263' title='bbox 480 2057 620 2087; x_wconf 86' lang='lat' dir='ltr'><strong>domino</strong></span> <span class='ocrx_word' id='word_1_264' title='bbox 657 2056 723 2087; x_wconf 90' lang='lat' dir='ltr'><strong>don</strong></span> <span class='ocrx_word' id='word_1_265' title='bbox 763 2055 910 2087; x_wconf 91' lang='lat' dir='ltr'><strong>Antonio</strong></span> <span class='ocrx_word' id='word_1_266' title='bbox 936 2056 977 2087; x_wconf 89' lang='lat' dir='ltr'><strong>de</strong></span> <span class='ocrx_word' id='word_1_267' title='bbox 1003 2054 1053 2093; x_wconf 79' lang='lat' dir='ltr'><strong>(in</strong></span> <span class='ocrx_word' id='word_1_268' title='bbox 1079 2052 1215 2095; x_wconf 83' lang='lat' dir='ltr'><strong>bianco)</strong></span> <span class='ocrx_word' id='word_1_269' title='bbox 1252 2053 1357 2086; x_wconf 86' lang='lat' dir='ltr'><strong>Priori</strong></span> <span class='ocrx_word' id='word_1_270' title='bbox 1384 2057 1415 2086; x_wconf 90' lang='lat' dir='ltr'><strong>et</strong></span> <span class='ocrx_word' id='word_1_271' title='bbox 1441 2055 1506 2086; x_wconf 89' lang='lat' dir='ltr'><strong>don</strong></span> <span class='ocrx_word' id='word_1_272' title='bbox 1541 2054 1723 2086; x_wconf 80' lang='lat' dir='ltr'><strong>Eustachio</strong></span> <span class='ocrx_word' id='word_1_273' title='bbox 1750 2055 1790 2086; x_wconf 92' lang='lat' dir='ltr'><strong>de</strong></span> <span class='ocrx_word' id='word_1_274' title='bbox 1816 2052 1865 2093; x_wconf 81' lang='lat' dir='ltr'><strong>(in</strong></span> <span class='ocrx_word' id='word_1_275' title='bbox 1891 2053 2026 2094; x_wconf 72' lang='lat' dir='ltr'><strong>bsanco)</strong></span> <span class='ocrx_word' id='word_1_276' title='bbox 2052 2055 2093 2086; x_wconf 91' lang='lat' dir='ltr'><strong>de</strong></span> 
     </span>
     <span class='ocr_line' id='line_1_25' title="bbox 271 2115 2094 2158; baseline -0.001 -8"><span class='ocrx_word' id='word_1_277' title='bbox 271 2119 420 2150; x_wconf 86' lang='lat' dir='ltr'><strong>Vercelis</strong></span> <span class='ocrx_word' id='word_1_278' title='bbox 446 2119 635 2150; x_wconf 79' lang='lat' dir='ltr'><strong>canoniclio</strong></span> <span class='ocrx_word' id='word_1_279' title='bbox 662 2119 740 2149; x_wconf 91' lang='lat' dir='ltr'><strong>dicti</strong></span> <span class='ocrx_word' id='word_1_280' title='bbox 768 2118 962 2149; x_wconf 88' lang='lat' dir='ltr'><strong>monasterii</strong></span> <span class='ocrx_word' id='word_1_281' title='bbox 989 2120 1019 2149; x_wconf 91' lang='lat' dir='ltr'><strong>et</strong></span> <span class='ocrx_word' id='word_1_282' title='bbox 1045 2118 1200 2148; x_wconf 82' lang='lat' dir='ltr'><strong>abatie....</strong></span> <span class='ocrx_word' id='word_1_283' title='bbox 1227 2117 1333 2148; x_wconf 83' lang='lat' dir='ltr'><strong>sancti</strong></span> <span class='ocrx_word' id='word_1_284' title='bbox 1361 2116 1449 2148; x_wconf 78' lang='lat' dir='ltr'><strong>Petri</strong></span> <span class='ocrx_word' id='word_1_285' title='bbox 1477 2118 1507 2148; x_wconf 92' lang='lat' dir='ltr'><strong>in</strong></span> <span class='ocrx_word' id='word_1_286' title='bbox 1534 2115 1618 2149; x_wconf 90' lang='lat' dir='ltr'><strong>Celo</strong></span> <span class='ocrx_word' id='word_1_287' title='bbox 1643 2126 1746 2148; x_wconf 81' lang='lat' dir='ltr'><strong>aureo</strong></span> <span class='ocrx_word' id='word_1_288' title='bbox 1788 2116 1891 2158; x_wconf 78' lang='lat' dir='ltr'><strong>Papie</strong></span> <span class='ocrx_word' id='word_1_289' title='bbox 1932 2117 2094 2149; x_wconf 90' lang='lat' dir='ltr'><strong>locumte-</strong></span> 
     </span>
     <span class='ocr_line' id='line_1_26' title="bbox 271 2178 2093 2221; baseline -0.001 -9"><span class='ocrx_word' id='word_1_290' title='bbox 271 2182 359 2212; x_wconf 86' lang='lat' dir='ltr'><strong>nenti</strong></span> <span class='ocrx_word' id='word_1_291' title='bbox 387 2181 505 2221; x_wconf 87' lang='lat' dir='ltr'><strong>prefati</strong></span> <span class='ocrx_word' id='word_1_292' title='bbox 534 2181 660 2212; x_wconf 85' lang='lat' dir='ltr'><strong>domini</strong></span> <span class='ocrx_word' id='word_1_293' title='bbox 687 2179 880 2212; x_wconf 85' lang='lat' dir='ltr'><strong>Cardinalis</strong></span> <span class='ocrx_word' id='word_1_294' title='bbox 907 2182 937 2211; x_wconf 87' lang='lat' dir='ltr'><strong>et</strong></span> <span class='ocrx_word' id='word_1_295' title='bbox 964 2180 1115 2221; x_wconf 88' lang='lat' dir='ltr'><strong>perpetui</strong></span> <span class='ocrx_word' id='word_1_296' title='bbox 1142 2178 1429 2212; x_wconf 81' lang='lat' dir='ltr'><strong>Commendatarii</strong></span> <span class='ocrx_word' id='word_1_297' title='bbox 1455 2188 1492 2210; x_wconf 83' lang='lat' dir='ltr'><strong>ac</strong></span> <span class='ocrx_word' id='word_1_298' title='bbox 1519 2179 1650 2211; x_wconf 90' lang='lat' dir='ltr'><strong>sindico</strong></span> <span class='ocrx_word' id='word_1_299' title='bbox 1678 2182 1709 2211; x_wconf 94' lang='lat' dir='ltr'><strong>et</strong></span> <span class='ocrx_word' id='word_1_300' title='bbox 1735 2180 1940 2220; x_wconf 86' lang='lat' dir='ltr'><strong>procuratori</strong></span> <span class='ocrx_word' id='word_1_301' title='bbox 1975 2179 2093 2220; x_wconf 86' lang='lat' dir='ltr'><strong>prefati</strong></span> 
     </span>
    </p>
   </div>
   <div class='ocr_carea' id='block_1_7' title="bbox 278 2354 1170 3047">
    <p class='ocr_par' dir='ltr' id='par_1_9' title="bbox 278 2354 1163 2643">
     <span class='ocr_line' id='line_1_27' title="bbox 278 2354 1160 2381; baseline -0.002 -4"><span class='ocrx_word' id='word_1_302' title='bbox 278 2362 317 2381; x_wconf 79' lang='lat' dir='ltr'><strong>per</strong></span> <span class='ocrx_word' id='word_1_303' title='bbox 333 2357 422 2381; x_wconf 65' lang='lat' dir='ltr'><strong>csigerc</strong></span> <span class='ocrx_word' id='word_1_304' title='bbox 438 2356 474 2376; x_wconf 76' lang='lat' dir='ltr'><strong>dai</strong></span> <span class='ocrx_word' id='word_1_305' title='bbox 491 2356 541 2376; x_wconf 81' lang='lat' dir='ltr'><strong>suoi</strong></span> <span class='ocrx_word' id='word_1_306' title='bbox 568 2356 650 2376; x_wconf 75' lang='lat' dir='ltr'><strong>lrntclli</strong></span> <span class='ocrx_word' id='word_1_307' title='bbox 674 2355 820 2376; x_wconf 78' lang='lat' dir='ltr'><strong>Manfredino</strong></span> <span class='ocrx_word' id='word_1_308' title='bbox 843 2361 854 2376; x_wconf 86' lang='lat' dir='ltr'><strong>e</strong></span> <span class='ocrx_word' id='word_1_309' title='bbox 877 2355 935 2375; x_wconf 75' lang='lat' dir='ltr'><strong>(jian</strong></span> <span class='ocrx_word' id='word_1_310' title='bbox 960 2355 1060 2375; x_wconf 76' lang='lat' dir='ltr'><strong>Antonio</strong></span> <span class='ocrx_word' id='word_1_311' title='bbox 1084 2354 1160 2375; x_wconf 75' lang='lat' dir='ltr'><strong>l’ietra</strong></span> 
     </span>
     <span class='ocr_line' id='line_1_28' title="bbox 278 2400 1158 2426; baseline -0.001 -5"><span class='ocrx_word' id='word_1_312' title='bbox 278 2402 317 2421; x_wconf 81' lang='lat' dir='ltr'><strong>lire</strong></span> <span class='ocrx_word' id='word_1_313' title='bbox 336 2402 372 2421; x_wconf 73' lang='lat' dir='ltr'><strong>lut)</strong></span> <span class='ocrx_word' id='word_1_314' title='bbox 387 2401 508 2426; x_wconf 68' lang='lat' dir='ltr'><strong>imperiali,</strong></span> <span class='ocrx_word' id='word_1_315' title='bbox 525 2401 565 2421; x_wconf 75' lang='lat' dir='ltr'><strong>cite</strong></span> <span class='ocrx_word' id='word_1_316' title='bbox 581 2401 674 2421; x_wconf 74' lang='lat' dir='ltr'><strong>ciascun</strong></span> <span class='ocrx_word' id='word_1_317' title='bbox 690 2406 750 2420; x_wconf 74' lang='lat' dir='ltr'><strong>anuo</strong></span> <span class='ocrx_word' id='word_1_318' title='bbox 773 2400 818 2420; x_wconf 79' lang='lat' dir='ltr'><strong>essi</strong></span> <span class='ocrx_word' id='word_1_319' title='bbox 842 2406 900 2420; x_wconf 82' lang='lat' dir='ltr'><strong>sono</strong></span> <span class='ocrx_word' id='word_1_320' title='bbox 923 2400 996 2420; x_wconf 80' lang='lat' dir='ltr'><strong>tenuti</strong></span> <span class='ocrx_word' id='word_1_321' title='bbox 1019 2406 1032 2420; x_wconf 75' lang='lat' dir='ltr'><strong>a</strong></span> <span class='ocrx_word' id='word_1_322' title='bbox 1055 2400 1158 2425; x_wconf 62' lang='lat' dir='ltr'><strong>pagurgli</strong></span> 
     </span>
     <span class='ocr_line' id='line_1_29' title="bbox 279 2444 1161 2471; baseline -0.001 -6"><span class='ocrx_word' id='word_1_323' title='bbox 279 2452 318 2471; x_wconf 68' lang='lat' dir='ltr'><strong>per</strong></span> <span class='ocrx_word' id='word_1_324' title='bbox 334 2446 493 2470; x_wconf 71' lang='lat' dir='ltr'><strong>disposizionc</strong></span> <span class='ocrx_word' id='word_1_325' title='bbox 509 2445 685 2465; x_wconf 67' lang='lat' dir='ltr'><strong>testamentaria</strong></span> <span class='ocrx_word' id='word_1_326' title='bbox 702 2444 738 2465; x_wconf 82' lang='lat' dir='ltr'><strong>del</strong></span> <span class='ocrx_word' id='word_1_327' title='bbox 754 2447 804 2465; x_wconf 77' lang='lat' dir='ltr'><strong>loro</strong></span> <span class='ocrx_word' id='word_1_328' title='bbox 821 2444 892 2470; x_wconf 72' lang='lat' dir='ltr'><strong>padre</strong></span> <span class='ocrx_word' id='word_1_329' title='bbox 917 2445 1022 2469; x_wconf 69' lang='lat' dir='ltr'><strong>Zanonc,</strong></span> <span class='ocrx_word' id='word_1_330' title='bbox 1046 2450 1111 2464; x_wconf 74' lang='lat' dir='ltr'><strong>corne</strong></span> <span class='ocrx_word' id='word_1_331' title='bbox 1135 2444 1161 2464; x_wconf 88' lang='lat' dir='ltr'><strong>ri-</strong></span> 
     </span>
     <span class='ocr_line' id='line_1_30' title="bbox 279 2489 1161 2514; baseline -0.001 -4"><span class='ocrx_word' id='word_1_332' title='bbox 279 2491 339 2511; x_wconf 67' lang='lat' dir='ltr'><strong>sultzi</strong></span> <span class='ocrx_word' id='word_1_333' title='bbox 357 2490 392 2510; x_wconf 69' lang='lat' dir='ltr'><strong>tlnl</strong></span> <span class='ocrx_word' id='word_1_334' title='bbox 416 2492 557 2510; x_wconf 71' lang='lat' dir='ltr'><strong>testamento</strong></span> <span class='ocrx_word' id='word_1_335' title='bbox 581 2491 662 2513; x_wconf 72' lang='lat' dir='ltr'><strong>rogato</strong></span> <span class='ocrx_word' id='word_1_336' title='bbox 685 2489 713 2509; x_wconf 81' lang='lat' dir='ltr'><strong>da</strong></span> <span class='ocrx_word' id='word_1_337' title='bbox 737 2489 876 2510; x_wconf 74' lang='lat' dir='ltr'><strong>Sebastiano</strong></span> <span class='ocrx_word' id='word_1_338' title='bbox 900 2489 1005 2509; x_wconf 63' lang='lat' dir='ltr'><strong>ssoidoni.</strong></span> <span class='ocrx_word' id='word_1_339' title='bbox 1030 2489 1052 2509; x_wconf 89' lang='lat' dir='ltr'><strong>ln</strong></span> <span class='ocrx_word' id='word_1_340' title='bbox 1076 2491 1161 2514; x_wconf 74' lang='lat' dir='ltr'><strong>questo</strong></span> 
     </span>
     <span class='ocr_line' id='line_1_31' title="bbox 282 2533 1160 2560; baseline 0 -6"><span class='ocrx_word' id='word_1_341' title='bbox 282 2535 390 2560; x_wconf 67' lang='lat' dir='ltr'><strong>Cupit-du</strong></span> <span class='ocrx_word' id='word_1_342' title='bbox 417 2540 528 2554; x_wconf 65' lang='lat' dir='ltr'><strong>manerium</strong></span> <span class='ocrx_word' id='word_1_343' title='bbox 545 2535 548 2554; x_wconf 92' lang='lat' dir='ltr'><strong>i</strong></span> <span class='ocrx_word' id='word_1_344' title='bbox 566 2534 626 2554; x_wconf 81' lang='lat' dir='ltr'><strong>numi</strong></span> <span class='ocrx_word' id='word_1_345' title='bbox 643 2534 664 2554; x_wconf 88' lang='lat' dir='ltr'><strong>di</strong></span> <span class='ocrx_word' id='word_1_346' title='bbox 681 2534 739 2554; x_wconf 68' lang='lat' dir='ltr'><strong>franc</strong></span> <span class='ocrx_word' id='word_1_347' title='bbox 765 2534 881 2554; x_wconf 71' lang='lat' dir='ltr'><strong>Galeazzo</strong></span> <span class='ocrx_word' id='word_1_348' title='bbox 904 2534 1007 2554; x_wconf 73' lang='lat' dir='ltr'><strong>visconti</strong></span> <span class='ocrx_word' id='word_1_349' title='bbox 1037 2540 1048 2554; x_wconf 80' lang='lat' dir='ltr'><strong>c</strong></span> <span class='ocrx_word' id='word_1_350' title='bbox 1064 2534 1085 2554; x_wconf 83' lang='lat' dir='ltr'><strong>di</strong></span> <span class='ocrx_word' id='word_1_351' title='bbox 1102 2533 1160 2554; x_wconf 73' lang='lat' dir='ltr'><strong>frate</strong></span> 
     </span>
     <span class='ocr_line' id='line_1_32' title="bbox 281 2578 1163 2604; baseline 0 -5"><span class='ocrx_word' id='word_1_352' title='bbox 281 2580 404 2604; x_wconf 66' lang='lat' dir='ltr'><strong>Apollonio</strong></span> <span class='ocrx_word' id='word_1_353' title='bbox 421 2579 448 2599; x_wconf 68' lang='grc' dir='ltr'><strong>ιω</strong></span> <span class='ocrx_word' id='word_1_354' title='bbox 466 2578 543 2603; x_wconf 77' lang='lat' dir='ltr'><strong>l&#39;nvin,</strong></span> <span class='ocrx_word' id='word_1_355' title='bbox 560 2586 571 2599; x_wconf 69' lang='lat' dir='ltr'>c</span> <span class='ocrx_word' id='word_1_356' title='bbox 588 2580 607 2598; x_wconf 77' lang='lat' dir='ltr'><strong>vi</strong></span> <span class='ocrx_word' id='word_1_357' title='bbox 625 2579 642 2598; x_wconf 75' lang='lat' dir='ltr'><strong>si</strong></span> <span class='ocrx_word' id='word_1_358' title='bbox 660 2581 757 2599; x_wconf 75' lang='lat' dir='ltr'><strong>trovam)</strong></span> <span class='ocrx_word' id='word_1_359' title='bbox 774 2579 852 2599; x_wconf 77' lang='lat' dir='ltr'><strong>iuvcce</strong></span> <span class='ocrx_word' id='word_1_360' title='bbox 868 2579 936 2604; x_wconf 80' lang='lat' dir='ltr'><strong>quelli</strong></span> <span class='ocrx_word' id='word_1_361' title='bbox 953 2579 974 2598; x_wconf 86' lang='lat' dir='ltr'><strong>di</strong></span> <span class='ocrx_word' id='word_1_362' title='bbox 987 2578 1044 2599; x_wconf 79' lang='lat' dir='ltr'><strong>frate</strong></span> <span class='ocrx_word' id='word_1_363' title='bbox 1056 2579 1163 2599; x_wconf 72' lang='lat' dir='ltr'><strong>Gabriele</strong></span> 
     </span>
     <span class='ocr_line' id='line_1_33' title="bbox 282 2623 840 2643; baseline 0 0"><span class='ocrx_word' id='word_1_364' title='bbox 282 2624 309 2643; x_wconf 74' lang='lat' dir='ltr'><strong>dn</strong></span> <span class='ocrx_word' id='word_1_365' title='bbox 327 2624 437 2643; x_wconf 74' lang='lat' dir='ltr'><strong>tinrlusco</strong></span> <span class='ocrx_word' id='word_1_366' title='bbox 453 2630 463 2643; x_wconf 75' lang='lat' dir='ltr'><strong>c</strong></span> <span class='ocrx_word' id='word_1_367' title='bbox 480 2623 500 2643; x_wconf 86' lang='lat' dir='ltr'><strong>di</strong></span> <span class='ocrx_word' id='word_1_368' title='bbox 518 2623 575 2643; x_wconf 68' lang='lat' dir='ltr'><strong>frate</strong></span> <span class='ocrx_word' id='word_1_369' title='bbox 592 2623 672 2643; x_wconf 77' lang='lat' dir='ltr'><strong>Murco</strong></span> <span class='ocrx_word' id='word_1_370' title='bbox 688 2623 716 2643; x_wconf 78' lang='lat' dir='ltr'><strong>du</strong></span> <span class='ocrx_word' id='word_1_371' title='bbox 732 2623 840 2643; x_wconf 79' lang='lat' dir='ltr'><strong>Veneziu.</strong></span> 
     </span>
    </p>

    <p class='ocr_par' dir='ltr' id='par_1_10' title="bbox 284 2667 1165 2915">
     <span class='ocr_line' id='line_1_34' title="bbox 336 2667 1164 2692; baseline -0.001 -4"><span class='ocrx_word' id='word_1_372' title='bbox 336 2668 361 2688; x_wconf 80' lang='lat' dir='ltr'><strong>Ar</strong></span> <span class='ocrx_word' id='word_1_373' title='bbox 377 2668 403 2688; x_wconf 62' lang='grc' dir='ltr'><strong>’.ξίν</strong></span> <span class='ocrx_word' id='word_1_374' title='bbox 418 2668 526 2692; x_wconf 65' lang='lat' dir='ltr'><strong>d&#39;zigosto</strong></span> <span class='ocrx_word' id='word_1_375' title='bbox 542 2673 584 2688; x_wconf 79' lang='lat' dir='ltr'><strong>con</strong></span> <span class='ocrx_word' id='word_1_376' title='bbox 600 2670 650 2687; x_wconf 77' lang='lat' dir='ltr'><strong>utto</strong></span> <span class='ocrx_word' id='word_1_377' title='bbox 667 2670 749 2691; x_wconf 58' lang='lat' dir='ltr'><strong>ruguit·</strong></span> <span class='ocrx_word' id='word_1_378' title='bbox 766 2667 793 2687; x_wconf 78' lang='lat' dir='ltr'><strong>dn</strong></span> <span class='ocrx_word' id='word_1_379' title='bbox 810 2668 867 2687; x_wconf 75' lang='lat' dir='ltr'><strong>(jinn</strong></span> <span class='ocrx_word' id='word_1_380' title='bbox 885 2667 1012 2688; x_wconf 68' lang='lat' dir='ltr'><strong>Duiueuico</strong></span> <span class='ocrx_word' id='word_1_381' title='bbox 1039 2668 1126 2688; x_wconf 64' lang='lat' dir='ltr'><strong>Ferrziri</strong></span> <span class='ocrx_word' id='word_1_382' title='bbox 1143 2668 1164 2688; x_wconf 76' lang='lat' dir='ltr'><strong>lu</strong></span> 
     </span>
     <span class='ocr_line' id='line_1_35' title="bbox 284 2711 1163 2737; baseline 0 -5"><span class='ocrx_word' id='word_1_383' title='bbox 284 2713 358 2732; x_wconf 75' lang='lat' dir='ltr'><strong>interr»</strong></span> <span class='ocrx_word' id='word_1_384' title='bbox 374 2712 490 2737; x_wconf 73' lang='lat' dir='ltr'><strong>capitulo,</strong></span> <span class='ocrx_word' id='word_1_385' title='bbox 506 2712 547 2732; x_wconf 77' lang='lat' dir='ltr'><strong>clie</strong></span> <span class='ocrx_word' id='word_1_386' title='bbox 559 2712 569 2732; x_wconf 66' lang='lat' dir='ltr'><strong>e</strong></span> <span class='ocrx_word' id='word_1_387' title='bbox 581 2714 705 2737; x_wconf 74' lang='lat' dir='ltr'><strong>composto</strong></span> <span class='ocrx_word' id='word_1_388' title='bbox 721 2712 756 2732; x_wconf 83' lang='lat' dir='ltr'><strong>dci</strong></span> <span class='ocrx_word' id='word_1_389' title='bbox 770 2712 877 2737; x_wconf 54' lang='lat' dir='ltr'><strong>Religio-si</strong></span> <span class='ocrx_word' id='word_1_390' title='bbox 889 2711 947 2732; x_wconf 72' lang='lat' dir='ltr'><strong>irate</strong></span> <span class='ocrx_word' id='word_1_391' title='bbox 959 2712 1039 2732; x_wconf 79' lang='lat' dir='ltr'><strong>Nicula</strong></span> <span class='ocrx_word' id='word_1_392' title='bbox 1051 2712 1078 2732; x_wconf 82' lang='lat' dir='ltr'><strong>da</strong></span> <span class='ocrx_word' id='word_1_393' title='bbox 1090 2712 1163 2733; x_wconf 80' lang='lat' dir='ltr'><strong>Cornu</strong></span> 
     </span>
     <span class='ocr_line' id='line_1_36' title="bbox 285 2756 1163 2781; baseline 0 -4"><span class='ocrx_word' id='word_1_394' title='bbox 285 2757 382 2779; x_wconf 71' lang='lat' dir='ltr'><strong>vicario.</strong></span> <span class='ocrx_word' id='word_1_395' title='bbox 400 2756 457 2776; x_wconf 72' lang='lat' dir='ltr'><strong>irate</strong></span> <span class='ocrx_word' id='word_1_396' title='bbox 474 2756 590 2776; x_wconf 69' lang='lat' dir='ltr'><strong>Galeam»</strong></span> <span class='ocrx_word' id='word_1_397' title='bbox 606 2757 708 2776; x_wconf 66' lang='lat' dir='ltr'><strong>visconti</strong></span> <span class='ocrx_word' id='word_1_398' title='bbox 725 2756 838 2781; x_wconf 70' lang='lat' dir='ltr'><strong>Mac-stro,</strong></span> <span class='ocrx_word' id='word_1_399' title='bbox 855 2756 913 2777; x_wconf 74' lang='lat' dir='ltr'><strong>frate</strong></span> <span class='ocrx_word' id='word_1_400' title='bbox 929 2757 1042 2781; x_wconf 74' lang='lat' dir='ltr'><strong>Agustino</strong></span> <span class='ocrx_word' id='word_1_401' title='bbox 1063 2757 1090 2777; x_wconf 76' lang='lat' dir='ltr'><strong>da</strong></span> <span class='ocrx_word' id='word_1_402' title='bbox 1109 2757 1163 2777; x_wconf 80' lang='lat' dir='ltr'><strong>Ludi</strong></span> 
     </span>
     <span class='ocr_line' id='line_1_37' title="bbox 286 2800 1164 2826; baseline 0.001 -5"><span class='ocrx_word' id='word_1_403' title='bbox 286 2801 449 2825; x_wconf 79' lang='lat' dir='ltr'><strong>l‘rocuratore,</strong></span> <span class='ocrx_word' id='word_1_404' title='bbox 465 2800 523 2821; x_wconf 79' lang='lat' dir='ltr'><strong>irate</strong></span> <span class='ocrx_word' id='word_1_405' title='bbox 541 2800 618 2821; x_wconf 79' lang='lat' dir='ltr'><strong>l&#39;ietro</strong></span> <span class='ocrx_word' id='word_1_406' title='bbox 634 2800 663 2820; x_wconf 76' lang='lat' dir='ltr'><strong>da</strong></span> <span class='ocrx_word' id='word_1_407' title='bbox 679 2800 833 2825; x_wconf 68' lang='lat' dir='ltr'><strong>Carmaguola</strong></span> <span class='ocrx_word' id='word_1_408' title='bbox 850 2806 861 2821; x_wconf 85' lang='lat' dir='ltr'><strong>e</strong></span> <span class='ocrx_word' id='word_1_409' title='bbox 883 2800 941 2821; x_wconf 78' lang='lat' dir='ltr'><strong>frate</strong></span> <span class='ocrx_word' id='word_1_410' title='bbox 958 2801 1081 2826; x_wconf 86' lang='lat' dir='ltr'><strong>Apollonio</strong></span> <span class='ocrx_word' id='word_1_411' title='bbox 1104 2801 1164 2822; x_wconf 89' lang='lat' dir='ltr'><strong>Arri-</strong></span> 
     </span>
     <span class='ocr_line' id='line_1_38' title="bbox 286 2844 1165 2871; baseline 0 -5"><span class='ocrx_word' id='word_1_412' title='bbox 286 2846 348 2871; x_wconf 73' lang='lat' dir='ltr'><strong>goni,</strong></span> <span class='ocrx_word' id='word_1_413' title='bbox 364 2845 439 2866; x_wconf 84' lang='lat' dir='ltr'><strong>riceve</strong></span> <span class='ocrx_word' id='word_1_414' title='bbox 455 2845 482 2865; x_wconf 76' lang='lat' dir='ltr'><strong>da</strong></span> <span class='ocrx_word' id='word_1_415' title='bbox 495 2844 629 2865; x_wconf 82' lang='lat' dir='ltr'><strong>Giacoruino</strong></span> <span class='ocrx_word' id='word_1_416' title='bbox 640 2845 745 2865; x_wconf 72' lang='lat' dir='ltr'><strong>Trabatti</strong></span> <span class='ocrx_word' id='word_1_417' title='bbox 756 2845 769 2865; x_wconf 77' lang='grc' dir='ltr'>ὓ</span> <span class='ocrx_word' id='word_1_418' title='bbox 779 2844 855 2865; x_wconf 70' lang='lat' dir='ltr'><strong>sacelli</strong></span> <span class='ocrx_word' id='word_1_419' title='bbox 867 2845 888 2865; x_wconf 90' lang='lat' dir='ltr'><strong>di</strong></span> <span class='ocrx_word' id='word_1_420' title='bbox 899 2844 1016 2865; x_wconf 83' lang='lat' dir='ltr'><strong>frumento</strong></span> <span class='ocrx_word' id='word_1_421' title='bbox 1026 2850 1038 2866; x_wconf 88' lang='lat' dir='ltr'><strong>e</strong></span> <span class='ocrx_word' id='word_1_422' title='bbox 1051 2845 1074 2865; x_wconf 89' lang='lat'><strong>13</strong></span> <span class='ocrx_word' id='word_1_423' title='bbox 1085 2845 1165 2866; x_wconf 82' lang='lat' dir='ltr'><strong>brente</strong></span> 
     </span>
     <span class='ocr_line' id='line_1_39' title="bbox 288 2888 1025 2915; baseline -0.001 -4"><span class='ocrx_word' id='word_1_424' title='bbox 288 2890 309 2911; x_wconf 86' lang='lat' dir='ltr'><strong>di</strong></span> <span class='ocrx_word' id='word_1_425' title='bbox 326 2890 379 2911; x_wconf 89' lang='lat' dir='ltr'><strong>vino</strong></span> <span class='ocrx_word' id='word_1_426' title='bbox 395 2895 435 2915; x_wconf 84' lang='lat' dir='ltr'><strong>per</strong></span> <span class='ocrx_word' id='word_1_427' title='bbox 450 2889 550 2909; x_wconf 82' lang='lat' dir='ltr'><strong>l&#39;affitto</strong></span> <span class='ocrx_word' id='word_1_428' title='bbox 566 2889 587 2909; x_wconf 87' lang='lat' dir='ltr'><strong>di</strong></span> <span class='ocrx_word' id='word_1_429' title='bbox 604 2895 633 2909; x_wconf 88' lang='lat' dir='ltr'><strong>un</strong></span> <span class='ocrx_word' id='word_1_430' title='bbox 649 2894 709 2909; x_wconf 77' lang='lat' dir='ltr'><strong>:inno</strong></span> <span class='ocrx_word' id='word_1_431' title='bbox 725 2889 746 2909; x_wconf 85' lang='lat' dir='ltr'><strong>di</strong></span> <span class='ocrx_word' id='word_1_432' title='bbox 763 2891 822 2910; x_wconf 87' lang='lat' dir='ltr'><strong>terre</strong></span> <span class='ocrx_word' id='word_1_433' title='bbox 839 2889 860 2909; x_wconf 90' lang='lat' dir='ltr'><strong>in</strong></span> <span class='ocrx_word' id='word_1_434' title='bbox 876 2888 1025 2910; x_wconf 81' lang='lat' dir='ltr'><strong>Curteolona.</strong></span> 
     </span>
    </p>

    <p class='ocr_par' dir='ltr' id='par_1_11' title="bbox 289 2933 1170 3047">
     <span class='ocr_line' id='line_1_40' title="bbox 342 2933 1169 2960; baseline -0.001 -5"><span class='ocrx_word' id='word_1_435' title='bbox 342 2934 376 2955; x_wconf 88' lang='lat' dir='ltr'><strong>Gli</strong></span> <span class='ocrx_word' id='word_1_436' title='bbox 392 2934 462 2955; x_wconf 82' lang='lat' dir='ltr'><strong>stessi</strong></span> <span class='ocrx_word' id='word_1_437' title='bbox 478 2933 594 2959; x_wconf 78' lang='lat' dir='ltr'><strong>Religiosi,</strong></span> <span class='ocrx_word' id='word_1_438' title='bbox 611 2939 678 2954; x_wconf 81' lang='lat' dir='ltr'><strong>meno</strong></span> <span class='ocrx_word' id='word_1_439' title='bbox 694 2933 752 2954; x_wconf 82' lang='lat' dir='ltr'><strong>irate</strong></span> <span class='ocrx_word' id='word_1_440' title='bbox 776 2934 915 2959; x_wconf 78' lang='lat' dir='ltr'><strong>Apollonio,</strong></span> <span class='ocrx_word' id='word_1_441' title='bbox 938 2934 1017 2955; x_wconf 81' lang='lat' dir='ltr'><strong>invece</strong></span> <span class='ocrx_word' id='word_1_442' title='bbox 1041 2934 1077 2954; x_wconf 84' lang='lat' dir='ltr'><strong>del</strong></span> <span class='ocrx_word' id='word_1_443' title='bbox 1100 2934 1169 2960; x_wconf 81' lang='lat' dir='ltr'><strong>quale</strong></span> 
     </span>
     <span class='ocr_line' id='line_1_41' title="bbox 289 2977 1170 3003; baseline -0.002 -3"><span class='ocrx_word' id='word_1_444' title='bbox 289 2979 404 3000; x_wconf 78' lang='lat' dir='ltr'><strong>trovintno</strong></span> <span class='ocrx_word' id='word_1_445' title='bbox 420 2977 478 2998; x_wconf 82' lang='lat' dir='ltr'><strong>frate</strong></span> <span class='ocrx_word' id='word_1_446' title='bbox 493 2977 600 2999; x_wconf 84' lang='lat' dir='ltr'><strong>Gabriele</strong></span> <span class='ocrx_word' id='word_1_447' title='bbox 615 2977 644 2998; x_wconf 83' lang='lat' dir='ltr'><strong>da</strong></span> <span class='ocrx_word' id='word_1_448' title='bbox 663 2977 782 3003; x_wconf 75' lang='lat' dir='ltr'><strong>Gartasco,</strong></span> <span class='ocrx_word' id='word_1_449' title='bbox 798 2977 818 2998; x_wconf 80' lang='lat' dir='ltr'><strong>ai</strong></span> <span class='ocrx_word' id='word_1_450' title='bbox 834 2978 846 2998; x_wconf 96' lang='grc'>7</span> <span class='ocrx_word' id='word_1_451' title='bbox 861 2978 963 3003; x_wconf 62' lang='lat' dir='ltr'><strong>ortorum,</strong></span> <span class='ocrx_word' id='word_1_452' title='bbox 979 2983 1022 2998; x_wconf 89' lang='lat' dir='ltr'><strong>con</strong></span> <span class='ocrx_word' id='word_1_453' title='bbox 1032 2979 1083 2999; x_wconf 83' lang='lat' dir='ltr'><strong>atto</strong></span> <span class='ocrx_word' id='word_1_454' title='bbox 1094 2978 1116 2998; x_wconf 89' lang='lat' dir='ltr'><strong>di</strong></span> <span class='ocrx_word' id='word_1_455' title='bbox 1129 2978 1170 2999; x_wconf 87' lang='lat' dir='ltr'><strong>Lo-</strong></span> 
     </span>
     <span class='ocr_line' id='line_1_42' title="bbox 291 3021 1169 3047; baseline -0.001 -3"><span class='ocrx_word' id='word_1_456' title='bbox 291 3028 361 3044; x_wconf 88' lang='lat' dir='ltr'><strong>renzo</strong></span> <span class='ocrx_word' id='word_1_457' title='bbox 377 3023 473 3047; x_wconf 70' lang='lat' dir='ltr'><strong>Ferrart,</strong></span> <span class='ocrx_word' id='word_1_458' title='bbox 489 3023 597 3043; x_wconf 81' lang='lat' dir='ltr'><strong>ricevono</strong></span> <span class='ocrx_word' id='word_1_459' title='bbox 613 3022 649 3042; x_wconf 85' lang='lat' dir='ltr'><strong>dal</strong></span> <span class='ocrx_word' id='word_1_460' title='bbox 665 3022 742 3043; x_wconf 86' lang='lat' dir='ltr'><strong>nobile</strong></span> <span class='ocrx_word' id='word_1_461' title='bbox 757 3022 885 3043; x_wconf 67' lang='lat' dir='ltr'><strong>francesco</strong></span> <span class='ocrx_word' id='word_1_462' title='bbox 901 3021 1009 3043; x_wconf 77' lang='lat' dir='ltr'><strong>Beccaria</strong></span> <span class='ocrx_word' id='word_1_463' title='bbox 1024 3022 1061 3042; x_wconf 87' lang='lat' dir='ltr'><strong>del</strong></span> <span class='ocrx_word' id='word_1_464' title='bbox 1076 3021 1099 3043; x_wconf 84' lang='lat' dir='ltr'><strong>fu</strong></span> <span class='ocrx_word' id='word_1_465' title='bbox 1115 3021 1169 3043; x_wconf 87' lang='lat' dir='ltr'><strong>Gio-</strong></span> 
     </span>
    </p>
   </div>
   <div class='ocr_carea' id='block_1_8' title="bbox 291 3065 1167 3093">
    <p class='ocr_par' dir='ltr' id='par_1_12' title="bbox 291 3065 1167 3093">
     <span class='ocr_line' id='line_1_43' title="bbox 291 3065 1167 3093; baseline -0.002 -4"><span class='ocrx_word' id='word_1_466' title='bbox 291 3068 360 3089; x_wconf 87' lang='lat' dir='ltr'><strong>vanni</strong></span> <span class='ocrx_word' id='word_1_467' title='bbox 376 3067 389 3088; x_wconf 91' lang='lat' dir='ltr'><strong>il</strong></span> <span class='ocrx_word' id='word_1_468' title='bbox 405 3067 475 3088; x_wconf 84' lang='lat' dir='ltr'><strong>solito</strong></span> <span class='ocrx_word' id='word_1_469' title='bbox 491 3068 631 3093; x_wconf 80' lang='lat' dir='ltr'><strong>pagamento</strong></span> <span class='ocrx_word' id='word_1_470' title='bbox 646 3066 668 3087; x_wconf 82' lang='lat' dir='ltr'><strong>di</strong></span> <span class='ocrx_word' id='word_1_471' title='bbox 683 3067 695 3087; x_wconf 67' lang='lat'><strong>⁴</strong></span> <span class='ocrx_word' id='word_1_472' title='bbox 705 3066 782 3087; x_wconf 73' lang='lat' dir='ltr'><strong>sacelli</strong></span> <span class='ocrx_word' id='word_1_473' title='bbox 793 3066 815 3087; x_wconf 88' lang='lat' dir='ltr'><strong>di</strong></span> <span class='ocrx_word' id='word_1_474' title='bbox 826 3066 941 3087; x_wconf 73' lang='lat' dir='ltr'><strong>frumento</strong></span> <span class='ocrx_word' id='word_1_475' title='bbox 953 3072 993 3092; x_wconf 81' lang='lat' dir='ltr'><strong>per</strong></span> <span class='ocrx_word' id='word_1_476' title='bbox 1003 3065 1097 3087; x_wconf 79' lang='lat' dir='ltr'><strong>l&#39;aifitto</strong></span> <span class='ocrx_word' id='word_1_477' title='bbox 1108 3066 1167 3087; x_wconf 83' lang='lat' dir='ltr'><strong>della</strong></span> 
     </span>
    </p>
   </div>
   <div class='ocr_carea' id='block_1_9' title="bbox 1216 2354 2099 3004">
    <p class='ocr_par' dir='ltr' id='par_1_13' title="bbox 1216 2354 1519 2380">
     <span class='ocr_line' id='line_1_44' title="bbox 1216 2354 1519 2380; baseline 0 -5"><span class='ocrx_word' id='word_1_478' title='bbox 1216 2355 1283 2380; x_wconf 70' lang='lat' dir='ltr'><strong>vignzi</strong></span> <span class='ocrx_word' id='word_1_479' title='bbox 1299 2360 1311 2375; x_wconf 77' lang='lat' dir='ltr'><strong>a</strong></span> <span class='ocrx_word' id='word_1_480' title='bbox 1328 2354 1359 2376; x_wconf 71' lang='lat' dir='ltr'><strong>Cir</strong></span> <span class='ocrx_word' id='word_1_481' title='bbox 1376 2355 1435 2375; x_wconf 83' lang='lat' dir='ltr'><strong>della</strong></span> <span class='ocrx_word' id='word_1_482' title='bbox 1451 2356 1519 2376; x_wconf 86' lang='lat' dir='ltr'><strong>terra.</strong></span> 
     </span>
    </p>

    <p class='ocr_par' dir='ltr' id='par_1_14' title="bbox 1216 2399 2095 2784">
     <span class='ocr_line' id='line_1_45' title="bbox 1268 2399 2093 2425; baseline 0.001 -6"><span class='ocrx_word' id='word_1_483' title='bbox 1268 2399 1293 2420; x_wconf 91' lang='lat' dir='ltr'><strong>Ai</strong></span> <span class='ocrx_word' id='word_1_484' title='bbox 1310 2400 1334 2419; x_wconf 82' lang='lat'><strong>27</strong></span> <span class='ocrx_word' id='word_1_485' title='bbox 1350 2399 1451 2425; x_wconf 68' lang='lat' dir='ltr'><strong>otiohre,</strong></span> <span class='ocrx_word' id='word_1_486' title='bbox 1463 2405 1505 2420; x_wconf 83' lang='lat' dir='ltr'><strong>con</strong></span> <span class='ocrx_word' id='word_1_487' title='bbox 1516 2401 1567 2420; x_wconf 79' lang='lat' dir='ltr'><strong>atto</strong></span> <span class='ocrx_word' id='word_1_488' title='bbox 1579 2399 1614 2420; x_wconf 88' lang='lat' dir='ltr'><strong>del</strong></span> <span class='ocrx_word' id='word_1_489' title='bbox 1626 2400 1705 2420; x_wconf 79' lang='lat' dir='ltr'><strong>notaio</strong></span> <span class='ocrx_word' id='word_1_490' title='bbox 1721 2400 1821 2420; x_wconf 86' lang='lat' dir='ltr'><strong>Antonio</strong></span> <span class='ocrx_word' id='word_1_491' title='bbox 1837 2399 1928 2420; x_wconf 63' lang='lat' dir='ltr'><strong>Couecr&#39;i</strong></span> <span class='ocrx_word' id='word_1_492' title='bbox 1945 2400 2036 2420; x_wconf 84' lang='lat' dir='ltr'><strong>l&#39;intero</strong></span> <span class='ocrx_word' id='word_1_493' title='bbox 2051 2399 2093 2421; x_wconf 80' lang='lat' dir='ltr'><strong>Ca-</strong></span> 
     </span>
     <span class='ocr_line' id='line_1_46' title="bbox 1217 2444 2092 2470; baseline 0.002 -7"><span class='ocrx_word' id='word_1_494' title='bbox 1217 2445 1298 2469; x_wconf 81' lang='lat' dir='ltr'><strong>pitolu,</strong></span> <span class='ocrx_word' id='word_1_495' title='bbox 1315 2444 1350 2464; x_wconf 85' lang='lat' dir='ltr'><strong>cui</strong></span> <span class='ocrx_word' id='word_1_496' title='bbox 1366 2444 1452 2465; x_wconf 72' lang='lat' dir='ltr'><strong>assiste</strong></span> <span class='ocrx_word' id='word_1_497' title='bbox 1467 2445 1539 2465; x_wconf 76' lang='lat' dir='ltr'><strong>anche</strong></span> <span class='ocrx_word' id='word_1_498' title='bbox 1555 2444 1613 2465; x_wconf 80' lang='lat' dir='ltr'><strong>frate</strong></span> <span class='ocrx_word' id='word_1_499' title='bbox 1629 2444 1778 2465; x_wconf 76' lang='lat' dir='ltr'><strong>Bartolomeo</strong></span> <span class='ocrx_word' id='word_1_500' title='bbox 1794 2445 1916 2465; x_wconf 75' lang='lat' dir='ltr'><strong>vannacca</strong></span> <span class='ocrx_word' id='word_1_501' title='bbox 1942 2444 2092 2470; x_wconf 77' lang='lat' dir='ltr'><strong>Provincialc,</strong></span> 
     </span>
     <span class='ocr_line' id='line_1_47' title="bbox 1217 2488 2093 2514; baseline 0 -5"><span class='ocrx_word' id='word_1_502' title='bbox 1217 2491 1341 2514; x_wconf 71' lang='lat' dir='ltr'><strong>cumpost«)</strong></span> <span class='ocrx_word' id='word_1_503' title='bbox 1357 2489 1393 2509; x_wconf 81' lang='lat' dir='ltr'><strong>del</strong></span> <span class='ocrx_word' id='word_1_504' title='bbox 1409 2489 1500 2510; x_wconf 76' lang='lat' dir='ltr'><strong>vicario</strong></span> <span class='ocrx_word' id='word_1_505' title='bbox 1516 2488 1574 2509; x_wconf 75' lang='lat' dir='ltr'><strong>irate</strong></span> <span class='ocrx_word' id='word_1_506' title='bbox 1590 2489 1669 2509; x_wconf 80' lang='lat' dir='ltr'><strong>Nicola</strong></span> <span class='ocrx_word' id='word_1_507' title='bbox 1685 2489 1713 2509; x_wconf 86' lang='lat' dir='ltr'><strong>da</strong></span> <span class='ocrx_word' id='word_1_508' title='bbox 1729 2489 1816 2513; x_wconf 80' lang='lat' dir='ltr'><strong>Coruo,</strong></span> <span class='ocrx_word' id='word_1_509' title='bbox 1840 2489 1861 2509; x_wconf 86' lang='lat' dir='ltr'><strong>di</strong></span> <span class='ocrx_word' id='word_1_510' title='bbox 1885 2488 1942 2509; x_wconf 79' lang='lat' dir='ltr'><strong>irate</strong></span> <span class='ocrx_word' id='word_1_511' title='bbox 1966 2488 2043 2510; x_wconf 77' lang='lat' dir='ltr'><strong>pietro</strong></span> <span class='ocrx_word' id='word_1_512' title='bbox 2065 2489 2093 2510; x_wconf 87' lang='lat' dir='ltr'><strong>de</strong></span> 
     </span>
     <span class='ocr_line' id='line_1_48' title="bbox 1216 2532 2094 2558; baseline 0.001 -5"><span class='ocrx_word' id='word_1_513' title='bbox 1216 2533 1308 2554; x_wconf 75' lang='lat' dir='ltr'><strong>Canelis</strong></span> <span class='ocrx_word' id='word_1_514' title='bbox 1323 2533 1461 2553; x_wconf 67' lang='lat' dir='ltr'><strong>Buccelliere</strong></span> <span class='ocrx_word' id='word_1_515' title='bbox 1477 2535 1499 2554; x_wconf 78' lang='lat' dir='ltr'><strong>c!</strong></span> <span class='ocrx_word' id='word_1_516' title='bbox 1514 2533 1592 2554; x_wconf 73' lang='lat' dir='ltr'><strong>sotius</strong></span> <span class='ocrx_word' id='word_1_517' title='bbox 1607 2533 1698 2554; x_wconf 77' lang='lat' dir='ltr'><strong>domini</strong></span> <span class='ocrx_word' id='word_1_518' title='bbox 1712 2533 1882 2558; x_wconf 69' lang='lat' dir='ltr'><strong>ProvinciaIis,</strong></span> <span class='ocrx_word' id='word_1_519' title='bbox 1905 2533 1940 2554; x_wconf 83' lang='lat' dir='ltr'><strong>dei</strong></span> <span class='ocrx_word' id='word_1_520' title='bbox 1963 2532 2014 2553; x_wconf 79' lang='lat' dir='ltr'><strong>frati</strong></span> <span class='ocrx_word' id='word_1_521' title='bbox 2037 2533 2094 2554; x_wconf 84' lang='lat' dir='ltr'><strong>Mel-</strong></span> 
     </span>
     <span class='ocr_line' id='line_1_49' title="bbox 1219 2577 2093 2603; baseline 0 -5"><span class='ocrx_word' id='word_1_522' title='bbox 1219 2578 1308 2598; x_wconf 80' lang='lat' dir='ltr'><strong>cluorre</strong></span> <span class='ocrx_word' id='word_1_523' title='bbox 1325 2578 1410 2603; x_wconf 83' lang='lat' dir='ltr'><strong>Lucini,</strong></span> <span class='ocrx_word' id='word_1_524' title='bbox 1423 2578 1536 2603; x_wconf 82' lang='lat' dir='ltr'><strong>Agostino</strong></span> <span class='ocrx_word' id='word_1_525' title='bbox 1547 2578 1575 2598; x_wconf 76' lang='lat' dir='ltr'><strong>da</strong></span> <span class='ocrx_word' id='word_1_526' title='bbox 1588 2577 1642 2598; x_wconf 82' lang='lat' dir='ltr'><strong>Lodi</strong></span> <span class='ocrx_word' id='word_1_527' title='bbox 1655 2577 1817 2602; x_wconf 73' lang='lat' dir='ltr'><strong>Procuratorc,</strong></span> <span class='ocrx_word' id='word_1_528' title='bbox 1829 2577 1960 2598; x_wconf 82' lang='lat' dir='ltr'><strong>Clierubinn</strong></span> <span class='ocrx_word' id='word_1_529' title='bbox 1972 2577 2000 2598; x_wconf 81' lang='lat' dir='ltr'><strong>da</strong></span> <span class='ocrx_word' id='word_1_530' title='bbox 2012 2577 2093 2603; x_wconf 81' lang='lat' dir='ltr'><strong>Coruo,</strong></span> 
     </span>
     <span class='ocr_line' id='line_1_50' title="bbox 1216 2622 2095 2647; baseline 0.001 -5"><span class='ocrx_word' id='word_1_531' title='bbox 1216 2622 1339 2643; x_wconf 69' lang='lat' dir='ltr'><strong>Gerulzimu</strong></span> <span class='ocrx_word' id='word_1_532' title='bbox 1356 2622 1383 2643; x_wconf 81' lang='lat' dir='ltr'><strong>da</strong></span> <span class='ocrx_word' id='word_1_533' title='bbox 1401 2622 1494 2647; x_wconf 81' lang='lat' dir='ltr'><strong>Mouza,</strong></span> <span class='ocrx_word' id='word_1_534' title='bbox 1510 2622 1596 2643; x_wconf 81' lang='lat' dir='ltr'><strong>Severo</strong></span> <span class='ocrx_word' id='word_1_535' title='bbox 1612 2622 1639 2642; x_wconf 78' lang='lat' dir='ltr'><strong>da</strong></span> <span class='ocrx_word' id='word_1_536' title='bbox 1655 2622 1678 2642; x_wconf 82' lang='lat' dir='ltr'><strong>S.</strong></span> <span class='ocrx_word' id='word_1_537' title='bbox 1695 2622 1798 2647; x_wconf 72' lang='lat' dir='ltr'><strong>Giorgio,</strong></span> <span class='ocrx_word' id='word_1_538' title='bbox 1814 2622 1842 2642; x_wconf 67' lang='lat' dir='ltr'><strong>da</strong></span> <span class='ocrx_word' id='word_1_539' title='bbox 1858 2622 1994 2643; x_wconf 81' lang='lat' dir='ltr'><strong>investitura</strong></span> <span class='ocrx_word' id='word_1_540' title='bbox 2011 2628 2095 2643; x_wconf 86' lang='lat' dir='ltr'><strong>noven-</strong></span> 
     </span>
     <span class='ocr_line' id='line_1_51' title="bbox 1221 2666 2094 2691; baseline 0 -4"><span class='ocrx_word' id='word_1_541' title='bbox 1221 2667 1270 2687; x_wconf 75' lang='lat' dir='ltr'><strong>nnle</strong></span> <span class='ocrx_word' id='word_1_542' title='bbox 1286 2667 1322 2687; x_wconf 79' lang='lat' dir='ltr'><strong>del</strong></span> <span class='ocrx_word' id='word_1_543' title='bbox 1338 2666 1404 2687; x_wconf 83' lang='lat' dir='ltr'><strong>forno</strong></span> <span class='ocrx_word' id='word_1_544' title='bbox 1420 2667 1455 2687; x_wconf 83' lang='lat' dir='ltr'><strong>del</strong></span> <span class='ocrx_word' id='word_1_545' title='bbox 1471 2666 1600 2691; x_wconf 65' lang='lat' dir='ltr'><strong>convento,</strong></span> <span class='ocrx_word' id='word_1_546' title='bbox 1623 2667 1711 2687; x_wconf 81' lang='lat' dir='ltr'><strong>situato</strong></span> <span class='ocrx_word' id='word_1_547' title='bbox 1734 2667 1817 2687; x_wconf 73' lang='lat' dir='ltr'><strong>subtus</strong></span> <span class='ocrx_word' id='word_1_548' title='bbox 1841 2667 1939 2690; x_wconf 77' lang='lat' dir='ltr'><strong>turrim,</strong></span> <span class='ocrx_word' id='word_1_549' title='bbox 1964 2667 1984 2687; x_wconf 79' lang='lat' dir='ltr'><strong>al</strong></span> <span class='ocrx_word' id='word_1_550' title='bbox 2005 2667 2094 2687; x_wconf 73' lang='lat' dir='ltr'><strong>tornaio</strong></span> 
     </span>
     <span class='ocr_line' id='line_1_52' title="bbox 1220 2710 2094 2737; baseline 0 -5"><span class='ocrx_word' id='word_1_551' title='bbox 1220 2711 1337 2732; x_wconf 79' lang='lat' dir='ltr'><strong>Bernardn</strong></span> <span class='ocrx_word' id='word_1_552' title='bbox 1360 2711 1439 2732; x_wconf 72' lang='lat' dir='ltr'><strong>Sacc-lii</strong></span> <span class='ocrx_word' id='word_1_553' title='bbox 1463 2716 1503 2737; x_wconf 84' lang='lat' dir='ltr'><strong>per</strong></span> <span class='ocrx_word' id='word_1_554' title='bbox 1527 2711 1567 2732; x_wconf 85' lang='lat' dir='ltr'><strong>lire</strong></span> <span class='ocrx_word' id='word_1_555' title='bbox 1589 2711 1601 2731; x_wconf 85' lang='lat'>8</span> <span class='ocrx_word' id='word_1_556' title='bbox 1616 2711 1722 2731; x_wconf 81' lang='lat' dir='ltr'><strong>all&#39;anno</strong></span> <span class='ocrx_word' id='word_1_557' title='bbox 1742 2710 1898 2735; x_wconf 71' lang='lat' dir='ltr'><strong>coll&#39;obbligo</strong></span> <span class='ocrx_word' id='word_1_558' title='bbox 1920 2711 1941 2731; x_wconf 87' lang='lat' dir='ltr'><strong>di</strong></span> <span class='ocrx_word' id='word_1_559' title='bbox 1964 2716 2061 2732; x_wconf 83' lang='lat' dir='ltr'><strong>cuocerc</strong></span> <span class='ocrx_word' id='word_1_560' title='bbox 2081 2712 2094 2732; x_wconf 94' lang='lat' dir='ltr'><strong>il</strong></span> 
     </span>
     <span class='ocr_line' id='line_1_53' title="bbox 1220 2756 1502 2784; baseline 0 -8"><span class='ocrx_word' id='word_1_561' title='bbox 1220 2761 1278 2781; x_wconf 77' lang='lat' dir='ltr'><strong>pane</strong></span> <span class='ocrx_word' id='word_1_562' title='bbox 1295 2756 1330 2781; x_wconf 85' lang='lat' dir='ltr'><strong>pcl</strong></span> <span class='ocrx_word' id='word_1_563' title='bbox 1346 2756 1475 2777; x_wconf 84' lang='lat' dir='ltr'><strong>Convento.</strong></span> <span class='ocrx_word' id='word_1_564' title='bbox 1499 2781 1502 2784; x_wconf 18' lang='grc' dir='ltr'><strong><em>ἢ</em></strong></span> 
     </span>
    </p>

    <p class='ocr_par' dir='ltr' id='par_1_15' title="bbox 1218 2787 2099 3004">
     <span class='ocr_line' id='line_1_54' title="bbox 1272 2787 2095 2826; baseline 0 -6"><span class='ocrx_word' id='word_1_565' title='bbox 1272 2800 1322 2825; x_wconf 78' lang='lat' dir='ltr'><strong>Agli</strong></span> <span class='ocrx_word' id='word_1_566' title='bbox 1340 2801 1360 2820; x_wconf 90' lang='grc'><strong>11</strong></span> <span class='ocrx_word' id='word_1_567' title='bbox 1378 2800 1400 2820; x_wconf 88' lang='lat' dir='ltr'><strong>di</strong></span> <span class='ocrx_word' id='word_1_568' title='bbox 1422 2799 1539 2820; x_wconf 85' lang='lat' dir='ltr'><strong>dicembre</strong></span> <span class='ocrx_word' id='word_1_569' title='bbox 1558 2787 1597 2820; x_wconf 49' lang='lat' dir='ltr'><strong>&#39;del</strong></span> <span class='ocrx_word' id='word_1_570' title='bbox 1621 2799 1678 2825; x_wconf 81' lang='lat'>1506,</span> <span class='ocrx_word' id='word_1_571' title='bbox 1695 2799 1708 2819; x_wconf 97' lang='lat' dir='ltr'><strong>il</strong></span> <span class='ocrx_word' id='word_1_572' title='bbox 1725 2799 1879 2820; x_wconf 83' lang='lat' dir='ltr'><strong>Procuratore</strong></span> <span class='ocrx_word' id='word_1_573' title='bbox 1895 2799 1916 2820; x_wconf 87' lang='lat' dir='ltr'><strong>di</strong></span> <span class='ocrx_word' id='word_1_574' title='bbox 1932 2799 1954 2821; x_wconf 38' lang='lat' dir='ltr'><strong>Si</strong></span> <span class='ocrx_word' id='word_1_575' title='bbox 1971 2799 2095 2826; x_wconf 77' lang='lat' dir='ltr'><strong>Mostiola,</strong></span> 
     </span>
     <span class='ocr_line' id='line_1_55' title="bbox 1218 2843 2097 2870; baseline 0 -5"><span class='ocrx_word' id='word_1_576' title='bbox 1218 2844 1298 2870; x_wconf 73' lang='lat' dir='ltr'><strong>stater</strong></span> <span class='ocrx_word' id='word_1_577' title='bbox 1312 2844 1458 2870; x_wconf 70' lang='lat' dir='ltr'><strong>Augustinus</strong></span> <span class='ocrx_word' id='word_1_578' title='bbox 1472 2844 1501 2865; x_wconf 78' lang='lat' dir='ltr'><strong>de</strong></span> <span class='ocrx_word' id='word_1_579' title='bbox 1516 2844 1570 2865; x_wconf 81' lang='lat' dir='ltr'><strong>Euo</strong></span> <span class='ocrx_word' id='word_1_580' title='bbox 1584 2843 1613 2865; x_wconf 77' lang='lat' dir='ltr'><strong>de</strong></span> <span class='ocrx_word' id='word_1_581' title='bbox 1628 2844 1713 2868; x_wconf 82' lang='lat' dir='ltr'><strong>Laude,</strong></span> <span class='ocrx_word' id='word_1_582' title='bbox 1736 2844 1811 2865; x_wconf 85' lang='lat' dir='ltr'><strong>riceve</strong></span> <span class='ocrx_word' id='word_1_583' title='bbox 1833 2844 1907 2864; x_wconf 83' lang='lat' dir='ltr'><strong>fiorini</strong></span> <span class='ocrx_word' id='word_1_584' title='bbox 1925 2844 1948 2865; x_wconf 90' lang='grc'><strong>12</strong></span> <span class='ocrx_word' id='word_1_585' title='bbox 1962 2844 1999 2865; x_wconf 79' lang='lat' dir='ltr'><strong>dal</strong></span> <span class='ocrx_word' id='word_1_586' title='bbox 2021 2845 2097 2866; x_wconf 82' lang='lat' dir='ltr'><strong>nobile</strong></span> 
     </span>
     <span class='ocr_line' id='line_1_56' title="bbox 1221 2887 2097 2915; baseline 0.001 -6"><span class='ocrx_word' id='word_1_587' title='bbox 1221 2889 1300 2909; x_wconf 87' lang='lat' dir='ltr'><strong>dottor</strong></span> <span class='ocrx_word' id='word_1_588' title='bbox 1315 2889 1337 2909; x_wconf 90' lang='lat' dir='ltr'><strong>in</strong></span> <span class='ocrx_word' id='word_1_589' title='bbox 1352 2889 1411 2915; x_wconf 81' lang='lat' dir='ltr'><strong>leggi</strong></span> <span class='ocrx_word' id='word_1_590' title='bbox 1428 2888 1550 2910; x_wconf 85' lang='lat' dir='ltr'><strong>Gunilorto</strong></span> <span class='ocrx_word' id='word_1_591' title='bbox 1567 2887 1643 2909; x_wconf 81' lang='lat' dir='ltr'><strong>Pietra</strong></span> <span class='ocrx_word' id='word_1_592' title='bbox 1665 2888 1701 2909; x_wconf 84' lang='lat' dir='ltr'><strong>del</strong></span> <span class='ocrx_word' id='word_1_593' title='bbox 1723 2888 1746 2909; x_wconf 87' lang='lat' dir='ltr'><strong>fu</strong></span> <span class='ocrx_word' id='word_1_594' title='bbox 1769 2888 1878 2915; x_wconf 82' lang='lat' dir='ltr'><strong>Battista,</strong></span> <span class='ocrx_word' id='word_1_595' title='bbox 1895 2894 1935 2915; x_wconf 86' lang='lat' dir='ltr'><strong>per</strong></span> <span class='ocrx_word' id='word_1_596' title='bbox 1957 2891 2097 2915; x_wconf 80' lang='lat' dir='ltr'><strong>pagamento</strong></span> 
     </span>
     <span class='ocr_line' id='line_1_57' title="bbox 1225 2931 2098 2960; baseline 0.001 -7"><span class='ocrx_word' id='word_1_597' title='bbox 1225 2933 1260 2954; x_wconf 87' lang='lat' dir='ltr'><strong>del</strong></span> <span class='ocrx_word' id='word_1_598' title='bbox 1276 2933 1354 2958; x_wconf 76' lang='lat' dir='ltr'><strong>legato</strong></span> <span class='ocrx_word' id='word_1_599' title='bbox 1369 2938 1446 2954; x_wconf 79' lang='lat' dir='ltr'><strong>annuo</strong></span> <span class='ocrx_word' id='word_1_600' title='bbox 1468 2932 1528 2954; x_wconf 79' lang='lat' dir='ltr'><strong>fatto</strong></span> <span class='ocrx_word' id='word_1_601' title='bbox 1542 2932 1563 2954; x_wconf 81' lang='lat' dir='ltr'><strong>al</strong></span> <span class='ocrx_word' id='word_1_602' title='bbox 1579 2931 1701 2954; x_wconf 82' lang='lat' dir='ltr'><strong>Convento</strong></span> <span class='ocrx_word' id='word_1_603' title='bbox 1716 2933 1745 2954; x_wconf 84' lang='lat' dir='ltr'><strong>da</strong></span> <span class='ocrx_word' id='word_1_604' title='bbox 1762 2932 1845 2954; x_wconf 77' lang='lat' dir='ltr'><strong>Pasina</strong></span> <span class='ocrx_word' id='word_1_605' title='bbox 1866 2932 2036 2960; x_wconf 74' lang='lat' dir='ltr'><strong>sangrcgorio,</strong></span> <span class='ocrx_word' id='word_1_606' title='bbox 2060 2939 2098 2955; x_wconf 83' lang='lat' dir='ltr'><strong>ve-</strong></span> 
     </span>
     <span class='ocr_line' id='line_1_58' title="bbox 1224 2977 2099 3004; baseline 0.002 -6"><span class='ocrx_word' id='word_1_607' title='bbox 1224 2977 1285 2998; x_wconf 81' lang='lat' dir='ltr'><strong>dova</strong></span> <span class='ocrx_word' id='word_1_608' title='bbox 1301 2977 1322 2998; x_wconf 85' lang='lat' dir='ltr'><strong>di</strong></span> <span class='ocrx_word' id='word_1_609' title='bbox 1338 2977 1426 2998; x_wconf 85' lang='lat' dir='ltr'><strong>Milano</strong></span> <span class='ocrx_word' id='word_1_610' title='bbox 1442 2977 1526 3003; x_wconf 82' lang='lat' dir='ltr'><strong>Pietra,</strong></span> <span class='ocrx_word' id='word_1_611' title='bbox 1541 2983 1585 2998; x_wconf 89' lang='lat' dir='ltr'><strong>con</strong></span> <span class='ocrx_word' id='word_1_612' title='bbox 1600 2978 1743 2998; x_wconf 81' lang='lat' dir='ltr'><strong>testamento</strong></span> <span class='ocrx_word' id='word_1_613' title='bbox 1758 2977 1794 2999; x_wconf 85' lang='lat' dir='ltr'><strong>del</strong></span> <span class='ocrx_word' id='word_1_614' title='bbox 1811 2977 1835 2998; x_wconf 88' lang='lat'><strong>18</strong></span> <span class='ocrx_word' id='word_1_615' title='bbox 1848 2978 1921 3004; x_wconf 83' lang='lat' dir='ltr'><strong>aprile</strong></span> <span class='ocrx_word' id='word_1_616' title='bbox 1945 2978 1995 3000; x_wconf 80' lang='lat'>1453</span> <span class='ocrx_word' id='word_1_617' title='bbox 2016 2979 2099 3004; x_wconf 83' lang='lat' dir='ltr'><strong>rogato</strong></span> 
     </span>
    </p>
   </div>
   <div class='ocr_carea' id='block_1_10' title="bbox 1222 3021 2100 3088">
    <p class='ocr_par' dir='ltr' id='par_1_16' title="bbox 1222 3021 2100 3088">
     <span class='ocr_line' id='line_1_59' title="bbox 1223 3021 2100 3048; baseline 0.001 -5"><span class='ocrx_word' id='word_1_618' title='bbox 1223 3022 1251 3043; x_wconf 85' lang='lat' dir='ltr'><strong>da</strong></span> <span class='ocrx_word' id='word_1_619' title='bbox 1267 3021 1380 3043; x_wconf 84' lang='lat' dir='ltr'><strong>Giovanni</strong></span> <span class='ocrx_word' id='word_1_620' title='bbox 1396 3021 1484 3048; x_wconf 78' lang='lat' dir='ltr'><strong>spelta.</strong></span> <span class='ocrx_word' id='word_1_621' title='bbox 1502 3022 1531 3043; x_wconf 77' lang='lat' dir='ltr'><strong>La</strong></span> <span class='ocrx_word' id='word_1_622' title='bbox 1547 3022 1650 3043; x_wconf 82' lang='lat' dir='ltr'><strong>ricevuta</strong></span> <span class='ocrx_word' id='word_1_623' title='bbox 1666 3021 1678 3043; x_wconf 74' lang='grc' dir='ltr'><strong>ὲ</strong></span> <span class='ocrx_word' id='word_1_624' title='bbox 1693 3023 1757 3043; x_wconf 80' lang='lat' dir='ltr'><strong>stesa</strong></span> <span class='ocrx_word' id='word_1_625' title='bbox 1772 3022 1809 3043; x_wconf 87' lang='lat' dir='ltr'><strong>dal</strong></span> <span class='ocrx_word' id='word_1_626' title='bbox 1825 3022 1904 3044; x_wconf 82' lang='lat' dir='ltr'><strong>notaio</strong></span> <span class='ocrx_word' id='word_1_627' title='bbox 1919 3022 1977 3044; x_wconf 86' lang='lat' dir='ltr'><strong>Gian</strong></span> <span class='ocrx_word' id='word_1_628' title='bbox 1999 3022 2100 3044; x_wconf 82' lang='lat' dir='ltr'><strong>Antonio</strong></span> 
     </span>
     <span class='ocr_line' id='line_1_60' title="bbox 1222 3067 1340 3088; baseline 0 0"><span class='ocrx_word' id='word_1_629' title='bbox 1222 3067 1340 3088; x_wconf 75' lang='lat' dir='ltr'><strong>morasca.</strong></span> 
     </span>
    </p>
   </div>
  </div>
 </body>
</html>
