2305 3407
1961 165 2021 197 197

211 290 406 328 procurator
445 291 634 321 conventus
675 291 780 322 sancti
822 290 1003 331 Augustini
1041 290 1311 333 Cremagnolie...
1349 293 1556 325 substituit...
1595 295 1822 327 venerabilem
1848 296 2021 328 dominum

210 350 341 382 tratrem
369 350 540 382 Aurelium
566 352 607 383 de
634 351 705 390 Ast,
743 352 891 385 Priorem
929 351 1129 386 Conventus
1154 356 1269 386 sancte
1300 354 1462 386 Mustiole
1500 354 1604 396 Papie
1622 354 1683 396 (l),
1717 366 1737 388 α
1762 358 2023 398 rappreserztarlo

209 412 296 444 nella
316 421 456 453 procura
477 413 535 454 pel
557 417 714 446 convento
739 415 775 447 cli
800 414 1036 456 Car-magnola.

974 616 1244 657 DCCCXC.

299 721 404 750 Frate
431 722 550 751 Pietro
576 722 711 751 Canelli
737 724 794 759 gia
821 724 941 753 Priore
967 725 1001 753 di
1028 725 1063 753 S.
1090 724 1260 754 Mostiola
1286 726 1320 754 fa
1346 726 1469 754 aleune
1496 726 1753 756 dichiarazioni
1790 728 1953 764 riguardo
1980 730 2023 758 ad

210 783 277 803 una
303 775 459 804 vendita.

862 873 1010 903 1641,
1045 880 1273 905 1111211·z(›‚
1306 875 1381 900 16.

725 960 793 984 (Aren
819 961 898 981 Νυῐειι-Δ
916 961 936 981 di
954 961 1032 982 Paviu.
1050 973 1073 975 —
1090 962 1137 982 Atti
1154 962 1174 982 di
1192 962 1249 983 (jinn
1266 962 1360 983 Alberto
1377 963 1486 983 Morasco
1504 980 1508 983 i

279 1147 397 1262 N
459 1165 548 1190 ELLA
573 1160 656 1191 cella
682 1160 735 1191 del
758 1162 899 1191 nnrestro
919 1160 1008 1200 frate
1033 1160 1151 1195 Pr'etro,
1172 1170 1220 1186 ω’
1242 1160 1698 1201 ‹1¹1›1110171r1mn‘8.Agostmo.
1727 1162 1945 1195 Revereudus
1971 1164 2030 1195 do-

480 1223 590 1253 minus
616 1231 709 1253 sacre
736 1223 858 1263 pagine
885 1222 1059 1263 professor
1097 1224 1256 1254 dominus
1283 1224 1442 1264 magister
1468 1223 1587 1255 Petrus
1614 1225 1654 1255 de
1680 1223 1862 1256 Canellis...
1890 1227 2031 1266 exponit

481 1286 571 1325 quod
599 1294 714 1316 verum
740 1288 790 1317 est
816 1286 908 1325 quod
935 1286 1020 1317 alias
1048 1287 1087 1317 de
1113 1295 1201 1317 anno
1239 1294 1339 1318 curso
1376 1284 1423 1323 (ill
1461 1283 1605 1324 histrico),
1632 1286 1710 1317 dum
1754 1288 1826 1327 ipse
1852 1297 2030 1327 exponens

210 1350 299 1379 esset
325 1347 421 1378 Prior
446 1348 639 1379 monasterii
667 1350 782 1379 sancte
809 1348 970 1379 Mustiole
998 1347 1101 1389 Papie
1127 1351 1157 1379 et
1184 1350 1369 1380 intenderet
1396 1357 1604 1388 recuperare,
1631 1351 1729 1388 prout
1765 1350 1864 1380 etiam
1891 1359 2031 1390 recupe-

210 1411 305 1447 ravit,
332 1419 349 1441 a
376 1410 532 1441 manibus
559 1410 798 1441 nonnullorum
836 1420 878 1441 ex
916 1409 1109 1442 Coniitibus
1147 1410 1362 1442 Gambarane
1390 1411 1560 1450 quandam
1604 1412 1859 1450 possessionem
1887 1414 1917 1443 et
1944 1413 2030 1443 bona

208 1473 429 1505 consistentia
456 1473 486 1502 in
514 1472 588 1503 loco
615 1475 646 1503 et
672 1473 835 1503 territorio
861 1470 908 1510 (iri
935 1470 1069 1511 bicareo)
1094 1475 1124 1504 et
1151 1482 1210 1513 pro
1237 1473 1310 1513 ipsa
1339 1473 1406 1503 litte
1434 1473 1557 1503 tuenda
1583 1474 1614 1504 et
1639 1472 1853 1504 defendenda
1895 1476 1959 1505 tam
1998 1475 2027 1505 in

210 1535 363 1575 partibus
390 1535 466 1571 illis,
482 1543 581 1574 quam
610 1535 639 1565 iu
669 1535 760 1571 urbe,
785 1535 1254 1572 coramdiversisiudicibus‚
1281 1544 1298 1565 a
1325 1535 1610 1565 reverendissimo
1625 1535 1763 1566 domino
1779 1535 1951 1576 Episcopo
1976 1537 2032 1568 Vi-

208 1598 341 1638 glevani
368 1599 399 1628 et
425 1606 442 1627 a
469 1605 555 1627 nunc
582 1597 752 1636 quondam
780 1597 1066 1628 reverendissimo
1093 1597 1264 1637 Episcopo
1280 1596 1509 1637 Albiganense
1535 1599 1566 1628 et
1591 1598 1688 1628 etiarn
1708 1607 1726 1628 a
1745 1607 1832 1629 nunc
1859 1599 2029 1638 quondam

210 1659 390 1700 magnifico
416 1659 555 1689 domino
583 1658 625 1689 lo.
653 1658 805 1699 Baptista
833 1659 979 1690 Busceto
1005 1660 1083 1690 olim
1112 1658 1363 1691 Refferendario
1382 1660 1529 1690 civitatis
1549 1658 1653 1699 Papie
1673 1669 1837 1691 summam
1857 1664 2029 1692 scutorum

209 1722 403 1762 octuaginta
429 1722 498 1752 auri
526 1721 590 1752 sub
617 1721 719 1752 mutui
760 1722 893 1752 nomine
931 1723 1082 1762 suscepit
1108 1723 1139 1752 et
1165 1722 1243 1752 dum
1282 1721 1467 1752 intenderet
1504 1722 1710 1752 restitucioni
1753 1722 1902 1762 ipsarum
1930 1732 2030 1763 pecu-

210 1784 337 1815 niarum
365 1784 502 1815 inolevit
528 1783 616 1815 fama
642 1784 734 1823 quod
761 1792 847 1815 nunc
874 1784 1045 1824 quondam
1084 1784 1336 1815 illustrissimus
1374 1783 1573 1815 Pranciscus
1610 1782 1789 1815 Secundus
1830 1784 1960 1816 Sforcia
1999 1786 2028 1816 in

209 1847 284 1887 ipso
311 1846 516 1877 monasterio
542 1848 656 1877 sancte
683 1846 845 1877 Mustiole
872 1846 1008 1877 volebat
1035 1846 1165 1877 Fratres
1190 1848 1440 1877 commorantes
1482 1847 1513 1877 in
1555 1848 1759 1878 monasterio
1786 1848 1891 1878 sancti
1935 1847 2028 1879 Pauli

209 1911 303 1940 extra
329 1911 360 1940 et
386 1918 490 1949 prope
517 1907 668 1948 Papiam,
694 1911 725 1939 et
751 1909 825 1948 ipsa
851 1908 938 1939 fama
965 1909 1052 1940 dicte
1079 1909 1339 1940 introductionis
1364 1908 1489 1939 crebris
1516 1909 1659 1940 vocibus
1678 1909 1965 1949 comprobabatur
1989 1919 2029 1941 eo

209 1972 287 2011 quia
313 1973 390 2002 tunc
417 1971 580 2011 temporis
605 1971 741 2011 expulsi
782 1971 927 2002 fuissent
964 1971 1083 2002 fratres
1109 1971 1216 2002 sancti
1244 1970 1385 2008 Thome,
1411 1973 1442 2001 et
1469 1971 1499 2001 in
1527 1980 1641 2002 eorum
1669 1971 1777 2002 locum
1804 1972 1881 2003 dicti
1911 1981 2027 2003 mona-

209 2034 300 2065 sterii
328 2033 508 2064 introducti
536 2033 670 2064 fuerunt
695 2033 814 2064 fratres
840 2034 946 2064 sancti
975 2033 1194 2073 Apollinaris,
1221 2035 1252 2064 et
1277 2033 1321 2063 ob
1348 2033 1379 2064 id
1406 2033 1567 2064 dubitans
1594 2034 1809 2064 vehementer
1842 2034 1928 2064 idem
1957 2043 2025 2065 ma-

208 2096 312 2136 gister
338 2094 457 2126 Petrus
483 2104 522 2126 ue
549 2096 736 2135 privaretur
761 2095 851 2126 dicto
878 2096 1083 2126 monasterio
1108 2097 1222 2126 sancte
1250 2095 1422 2131 Mustiole,
1450 2095 1539 2126 nulla
1564 2095 1651 2126 facta
1685 2096 1901 2127 restitucione
1927 2105 2027 2136 pecu—

210 2158 338 2188 niarum
366 2166 423 2197 per
449 2157 559 2197 ipsum
586 2157 759 2188 dominum
787 2158 982 2197 magistrum
1010 2156 1143 2188 Petrum
1182 2159 1215 2188 ut
1241 2166 1343 2197 supra
1370 2159 1604 2194 mutuatarum,
1631 2159 1661 2188 et
1688 2158 1828 2197 proinde
1856 2158 1941 2189 idern
1969 2159 2028 2189 do-

210 2219 320 2250 minus
347 2219 505 2259 magister
532 2218 651 2250 Petrus
678 2228 742 2249 non
771 2218 901 2249 habens
938 2219 1074 2249 modum
1116 2219 1252 2250 aliunde
1294 2220 1456 2259 pecunias
1496 2228 1692 2259 recuperare
1719 2229 1778 2259 pro
1805 2221 2024 2251 restituendis

209 2282 363 2322 pecuniis
389 2281 549 2321 predictis
577 2290 636 2321 pro
663 2281 803 2312 utilitate
830 2281 939 2321 ipsius
977 2282 1170 2312 monasterii
1210 2282 1380 2318 mutuatis,
1422 2282 1616 2321 procuravit
1656 2282 1889 2313 vendicionem
1917 2282 2025 2314 facere

207 2343 386 2384 spectabili
413 2344 533 2374 artium
560 2345 591 2374 et
617 2343 782 2374 medicine
808 2343 937 2374 doctori
965 2343 1103 2373 domino
1129 2344 1291 2383 magistro
1317 2343 1431 2374 Mateo
1464 2341 1581 2374 Curtio
1624 2343 1787 2374 bonorum
1826 2345 1964 2375 sitorum
1994 2345 2023 2375 in

208 2403 254 2444 (in
280 2404 414 2443 blanco)
439 2408 470 2436 et
497 2406 559 2436 noc
588 2405 693 2445 pretio
721 2405 877 2436 librarum
904 2402 951 2442 (in
977 2402 1110 2443 ln'unco)
1137 2404 1394 2445 imperialium...
1420 2407 1450 2436 et
1478 2404 1551 2435 licet
1570 2405 1600 2435 in
1621 2405 1817 2436 tractatibus
1843 2407 2025 2446 superinde

207 2468 304 2499 factis
330 2477 389 2508 pro
416 2468 490 2508 ipsa
518 2468 717 2499 vendicione
743 2467 865 2504 fienda,
892 2468 958 2497 sint
983 2468 1140 2507 apposite
1167 2466 1326 2497 nonnulle
1353 2475 1466 2503 cause,
1492 2466 1649 2498 videlicet
1683 2476 1742 2507 pro
1761 2468 1903 2498 emendo
1930 2468 2024 2499 lanas

207 2532 238 2561 et
263 2530 327 2561 alia
355 2530 407 2561 liis
434 2529 568 2567 similia,
595 2529 836 2560 nichilominus
874 2529 947 2560 licet
985 2529 1127 2569 pecunie
1161 2530 1291 2568 recepte
1330 2537 1387 2568 per
1425 2528 1535 2568 ipsum
1563 2529 1758 2569 magistrum
1787 2528 1920 2560 Petrum
1947 2539 2025 2561 con-

208 2601 304 2623 verse
341 2592 463 2623 tuerint
490 2593 519 2622 in
547 2592 648 2623 alium
677 2601 772 2622 usum
800 2600 900 2632 quam
929 2591 958 2621 in
986 2591 1101 2622 causis
1138 2592 1168 2621 in
1208 2591 1292 2631 ipsis
1332 2591 1530 2621 tractatibus
1563 2591 1721 2626 recitatis,
1759 2592 1836 2631 quia
1863 2601 1964 2623 cause
1991 2593 2020 2623 in

207 2654 406 2686 tractatibus
433 2655 569 2685 recitate
596 2663 655 2694 pro
681 2656 769 2685 certa
796 2656 889 2694 parte
929 2653 1087 2693 apposite
1127 2653 1260 2684 luerunt
1298 2661 1387 2683 more
1425 2652 1640 2689 notariorum,
1668 2653 1906 2685 nichilomimis
1933 2654 2020 2686 idem

208 2716 366 2757 magister
392 2715 511 2748 Petrus
537 2717 645 2747 solum
673 2716 885 2756 recuperavit
911 2724 1022 2746 veram
1050 2715 1269 2755 quantitatem
1309 2715 1523 2754 pecuniarum
1551 2723 1610 2754 per
1635 2724 1710 2746 eum
1738 2718 1962 2747 mutuatarum
1990 2720 2023 2747 ut

207 2786 308 2819 supra
334 2780 364 2809 et
390 2779 431 2810 ad
458 2779 556 2810 finem
583 2781 614 2810 et
639 2778 791 2810 effectum
834 2778 908 2809 illas
950 2777 1160 2814 restituendi,
1195 2778 1293 2817 prout
1320 2776 1473 2813 restituit,
1500 2776 1551 2807 liis
1577 2777 1618 2807 de
1643 2777 1770 2817 quibus
1796 2786 1899 2818 supra
1926 2778 2021 2809 dixit.

206 2839 391 2873 Residuum
419 2850 498 2872 vero
524 2841 601 2872 dicti
629 2841 723 2881 pretii
751 2841 837 2872 dicte
864 2840 1099 2881 possessionis
1125 2842 1155 2870 et
1183 2840 1256 2879 ipsa
1283 2838 1462 2878 possessio
1489 2839 1518 2868 in
1546 2840 1649 2869 totum
1681 2840 1840 2871 remansit
1866 2841 1896 2871 et
1921 2841 2018 2871 etiam

266 2998 297 3018 *ll
313 2997 336 3018 L'
346 2998 413 3018 unico
429 2999 480 3019 atto
495 2998 537 3018 che
551 2998 660 3018 abbiamo
686 2999 779 3018 trovato
796 2997 816 3017 in
833 2996 981 3022 qucst’anno
1006 3002 1046 3022 per
1062 2996 1084 3016 Sv
1142 2995 1236 3016 venibre
1252 2995 1280 3015 da
1296 2994 1372 3015 Siriuo
1388 2994 1473 3021 Astariv
1490 2995 1606 3016 rilasciatn
1623 2995 1684 3015 dallo
1700 2997 1778 3016 stesso
1799 2995 1877 3016 Priore
1893 2995 1952 3016 trutc
1971 2996 2014 3017 Αιι-

210 3040 331 3066 Mostiola,
346 3041 358 3062 e
374 3047 418 3062 una
443 3042 546 3063 ricevuta
569 3041 590 3062 di
613 3042 653 3062 lire
675 3042 701 3063 45
723 3041 839 3066 d'aftitto,
863 3043 944 3067 rogata
966 3041 986 3062 ni
1002 3041 1027 3061 25
1043 3047 1082 3061 uo-
1137 3041 1192 3061 relio
1208 3040 1283 3061 d'Asti
1299 3045 1311 3060 a
1329 3040 1457 3060 Francesco
1467 3039 1557 3065 Ranipi,
1573 3045 1613 3066 per
1629 3040 1633 3060 i
1651 3040 1701 3061 beni
1717 3040 1739 3060 di
1755 3040 1880 3066 enavcgna
1891 3046 1903 3061 e
1915 3040 2011 3061 Paroria.
