2305 3407
181 342 384 384 prefatorum
409 342 545 374 fratrum
571 340 834 374 Observantium
853 339 914 382 (1).
940 341 1126 375 Reverendi
1154 342 1185 373 in
1212 339 1348 374 Christo
1367 343 1480 382 patres
1497 342 1657 374 dominus
1676 342 1775 374 frater
1793 342 1991 374 Laurentius

181 405 222 437 de
249 405 490 447 Lampugnano
516 404 556 435 de
582 403 788 442 Mediolano,
816 403 996 436 Presidens
1022 402 1209 435 Definitorii
1235 403 1433 435 auctoritate
1458 403 1658 444 apostolica,
1677 405 1882 436 reverendus
1901 407 1993 445 pater

181 468 339 500 dominus
365 467 466 499 frater
491 466 656 498 lohannes
682 464 818 498 Gabriel
845 467 886 498 de
913 466 1151 507 Martinengho
1178 466 1308 497 noviter
1333 474 1351 497 a
1377 464 1533 497 Generali
1575 464 1734 507 Capitulo
1760 466 1914 498 Viearius
1939 475 1995 507 ge-

183 530 306 562 neralis
330 530 468 561 electus.
495 528 699 560 reverendus
724 529 883 560 dominus
909 528 1010 560 trater
1034 528 1195 560 Nicolaus
1222 527 1462 569 Romagnanus
1499 528 1539 559 de
1576 526 1765 569 Calignano
1803 529 1880 560 olim
1908 530 1995 560 vice-

185 593 339 625 vicarius,
366 591 579 623 venerabiles
620 592 733 631 patres
773 591 899 622 domini
938 591 1036 623 trater
1062 590 1242 622 Modestus
1279 590 1319 622 de
1356 589 1524 623 Cremona
1561 591 1689 631 primus
1715 591 1872 629 difinitor,
1898 590 1997 622 trater

185 654 316 686 Lucnas
341 654 383 685 de
409 652 573 691 Stratella,
599 653 699 685 trater
724 653 888 685 lohannes
914 653 1043 686 Galeax
1071 654 1111 685 de
1137 655 1255 685 sancto
1281 652 1411 694 Angelo
1437 655 1468 684 et
1494 653 1700 685 reverendus
1726 653 1884 685 dominus
1899 653 1998 684 frater

186 716 364 748 Haurelius
388 714 603 756 (Laurentius
617 713 694 755 ?)de
720 715 844 753 Brixia,
870 725 987 747 omnes
1012 716 1227 754 definitores;
1255 715 1427 747 reverendi
1455 717 1566 756 patres
1585 715 1710 746 domini
1729 715 1827 747 frater
1846 715 1998 747 Andreas

187 779 228 810 de
253 777 384 816 Crema‚
410 778 510 810 frater
535 777 730 809 Luduvicus
757 777 879 819 Agazie
905 779 945 810 de
972 778 1123 816 Vercelli,
1150 777 1315 811 Iohannes
1341 777 1494 818 Baptista
1512 777 1553 809 de
1572 775 1727 809 Costiolli
1746 779 1777 808 et
1795 777 1998 808 reverendus

187 841 345 872 dominus
370 840 470 872 frater
494 839 706 881 Augustinus
732 840 772 871 de
799 839 971 882 Pergamo,
999 849 1116 872 omnes
1142 842 1285 881 quatuor
1326 840 1518 872 visitatores
1544 840 1632 871 dicte
1658 840 1767 871 tocius
1807 838 2000 880 Congrega-

187 903 299 941 tionis,
325 905 457 943 sponte,
483 905 542 934 etc.
570 903 734 934 ratificant
760 905 790 934 et
815 903 982 943 aprobant
1022 905 1228 934 contractum
1267 903 1383 934 initum
1425 903 1510 933 inter
1549 902 1673 933 dictum
1701 902 1942 933 monasterium
1969 904 1999 933 et

189 964 383 1006 Capitulum
409 965 515 996 sancti
543 964 638 996 Pauli
664 974 705 996 ex
733 974 808 1003 una,
834 967 865 996 et
890 966 1062 996 dominum
1090 965 1268 996 iohannem
1296 964 1430 996 Petrum
1469 965 1509 995 de
1536 964 1697 995 Maxenta
1724 974 1764 996 ex
1791 965 1904 1002 altera,
1942 973 2001 1004 pro

189 1027 289 1059 certis
315 1027 414 1059 bonis
440 1027 623 1058 mobilibus
649 1028 821 1068 perventis
848 1028 878 1058 in
905 1028 1029 1058 dictum
1056 1027 1237 1067 capitulum
1264 1036 1304 1058 ex
1333 1027 1543 1058 dedicatione
1569 1027 1694 1057 domini
1723 1026 1880 1057 lobannis
1906 1026 1946 1057 de
1973 1025 2003 1057 la

191 1089 299 1130 Rippa
325 1090 404 1121 dicti
431 1090 471 1121 de
498 1089 681 1127 Pavono..‚.
709 1089 830 1121 item...
857 1090 1023 1130 aprobant
1049 1092 1079 1120 et
1104 1090 1301 1120 confirmant
1328 1089 1475 1130 quodam
1504 1090 1759 1120 instrumentum
1787 1088 2001 1119 vendicionis

189 1152 275 1184 facte
301 1161 359 1192 per
383 1152 507 1183 dictum
534 1150 728 1192 Capitulum
756 1152 861 1183 sancti
889 1151 982 1183 Pauli
1010 1152 1186 1192 spectabili
1213 1152 1350 1182 domino
1377 1151 1513 1182 Iohanni
1553 1151 1730 1182 Francisco
1757 1151 1796 1182 de
1823 1150 1937 1191 Nigris
1963 1150 2003 1182 de

190 1215 289 1246 certis
316 1215 414 1245 bonis
441 1215 514 1245 sitis
541 1215 571 1245 in
599 1215 763 1246 territorio
790 1214 937 1255 Toragbi
963 1215 1004 1245 de
1031 1214 1257 1251 Bordonibus‚
1285 1223 1343 1254 per
1380 1215 1635 1245 instrumentum
1670 1216 1821 1254 rogatum
1849 1222 1908 1253 per
1943 1213 2004 1243 do-

191 1278 316 1308 minum
343 1277 541 1308 Michaelem
569 1277 608 1307 de
635 1276 817 1317 Mangano.

925 1477 1267 1517 DCCLXXX.

283 1595 310 1623 11
337 1594 496 1631 Capitolo
522 1595 556 1623 di
582 1596 617 1623 S.
646 1595 815 1623 Mostiola
841 1595 875 1623 fa
900 1604 967 1623 una
993 1596 1220 1623 transazione
1246 1595 1300 1623 col
1327 1600 1428 1624 conte
1455 1595 1642 1623 Gerolarno
1669 1595 1907 1623 Gambarana.

824 1719 840 1741 1
848 1718 939 1742 52(
947 1719 978 1749 '⁹
1009 1718 1062 1749 gi
1070 1725 1107 1742 tn
1114 1725 1191 1749 ξι)
1198 1725 1245 1746 0,
1279 1719 1368 1742 222.

730 1815 806 1835 (Arcti.
823 1815 903 1835 Notar.
920 1814 941 1835 di
958 1815 1036 1836 Pavia.
1052 1826 1077 1829 —
1092 1815 1140 1836 Atti
1157 1815 1177 1835 di
1194 1815 1251 1836 Ginn
1269 1814 1345 1835 Pietro
1362 1815 1467 1835 Ferrarii

210 1984 212 2052 λη
301 2000 346 2114 Ι
438 2018 461 2044 Ν
487 2015 657 2045 conventu
683 2015 799 2044 sancte
815 2013 976 2044 Mustiole
992 2012 1140 2054 Papie....
1167 2012 1410 2045 Convocato....
1436 2011 1641 2053 Capitulo...
1668 2013 1708 2044 de
1735 2013 1894 2044 mandato
1913 2022 2008 2044 reve-

211 2058 213 2125 ἶ
461 2075 553 2106 rendi
581 2075 685 2115 patris
711 2075 837 2106 domini
865 2075 975 2106 fratris
1001 2075 1150 2107 Anselmi
1179 2076 1218 2107 de
1245 2076 1441 2107 Mediolano
1469 2075 1594 2107 Prioris
1610 2074 1949 2107 dictiConventus....
1977 2075 2006 2106 in

251 2172 427 2175 w.k—
462 2146 529 2177 quo
549 2137 684 2177 quidem
711 2135 871 2177 Capitulo
896 2136 1029 2168 fuerunt
1072 2138 1144 2177 ipse
1182 2138 1340 2169 dominus
1382 2137 1476 2168 Prior
1516 2140 1590 2169 eti...
1618 2137 1822 2168 reverendus
1849 2137 2008 2169 dominus

197 2198 296 2230 frater
321 2198 506 2230 leronimus
531 2199 572 2229 de
598 2197 805 2230 Bastonibus
830 2198 871 2229 de
897 2197 1014 2239 Papia,
1039 2198 1139 2230 frater
1164 2199 1354 2240 Apolonius
1381 2201 1421 2230 de
1448 2199 1779 2240 Arigonibus‚frater
1797 2198 2009 2239 Augustinus

196 2261 237 2292 de
263 2259 511 2301 Carmagnolla‚
537 2260 637 2292 trater
663 2259 821 2291 Albertus
846 2261 887 2292 de
914 2259 1093 2301 Avignono
1119 2263 1149 2292 et
1174 2261 1274 2292 frater
1299 2261 1440 2302 Egidius
1466 2262 1507 2292 de
1532 2261 1737 2292 Vercellis...
1772 2261 1935 2292 facientes
1960 2262 2010 2291 to-

196 2324 264 2354 tum
291 2321 531 2363 Capitulum...
557 2332 631 2354 cum
659 2322 738 2353 nulli
765 2323 819 2354 alii
845 2322 964 2354 fratres
990 2323 1176 2354 residentes
1201 2324 1268 2354 sint
1304 2323 1381 2354 dicti
1412 2321 1620 2361 Conventus,
1646 2323 1677 2354 in
1702 2324 1894 2355 esecuzione
1926 2322 2009 2354 delle

196 2385 401 2416 transozioni
417 2384 504 2425 fatte
529 2384 582 2416 nel
608 2385 649 2416 12
671 2384 773 2425 aprile
802 2385 886 2416 1518
909 2393 969 2416 con
997 2383 1173 2417 Gerolamo
1198 2385 1252 2416 dei
1275 2386 1362 2416 conti
1378 2385 1413 2416 cii
1431 2384 1656 2422 Gambarana,
1682 2385 1885 2424 riguara'arzti
1911 2384 2008 2416 l'ere-

197 2447 265 2478 dito
291 2447 325 2478 cli
350 2446 510 2479 Gracomo
536 2456 553 2478 e
578 2447 612 2478 (1¹1⁴
634 2447 776 2478 Ausonio
795 2446 924 2487 fratelli
949 2445 1173 2482 Gambamna.
1199 2447 1245 2478 zii
1268 2447 1302 2478 di
1325 2447 1412 2478 detto
1440 2446 1626 2484 Gerolamo,
1653 2456 1669 2478 e
1690 2456 1750 2487 per
1773 2449 1918 2478 troncare
1943 2455 2007 2478 una

196 2509 298 2548 lunga
333 2510 502 2549 questione
535 2509 697 2549 pendente
733 2509 868 2540 itznonzi
891 2508 925 2539 ol
948 2508 1055 2549 Regio
1093 2508 1250 2541 senatore
1289 2508 1441 2541 Gabriele
1478 2509 1521 2540 da
1546 2509 1690 2544 Firenze.
1717 2518 1733 2540 e
1759 2510 1790 2540 in
1818 2510 1899 2540 vista
1925 2509 2008 2540 delle

195 2572 291 2611 gravi
313 2580 407 2612 spese
432 2573 598 2602 sostenute
620 2571 679 2610 gio
705 2571 762 2602 a'ol
788 2570 1013 2609 Gambarana,
1039 2572 1210 2602 accettano
1235 2570 1279 2602 cla
1304 2571 1350 2602 lui
1374 2579 1607 2611 quoscumque
1633 2570 1760 2602 fructus
1785 2573 1816 2602 et
1842 2571 1917 2602 ficta
1944 2571 2005 2602 loci

197 2633 442 2665 Montissicalis
468 2642 526 2674 per
552 2633 647 2673 ipsos
673 2633 829 2664 dominos
855 2632 1003 2664 Priorem
1030 2634 1060 2664 et
1086 2632 1215 2664 Fratres
1241 2633 1305 2664 sibi
1325 2635 1515 2664 reservatos
1540 2635 1571 2664 et
1596 2635 1766 2665 reservata
1782 2634 1868 2664 etde
1883 2633 2008 2673 quibus

198 2696 229 2726 in
256 2695 354 2726 dictis
379 2695 665 2726 transactionibus
691 2695 725 2726 tit
751 2696 919 2726 mentio...
944 2695 1075 2735 absque
1101 2704 1140 2726 eo
1167 2695 1257 2734 quod
1284 2695 1356 2735 ipse
1382 2695 1540 2726 dominus
1567 2694 1784 2726 l-lieronimus
1800 2704 1859 2735 pro
1885 2696 1934 2727 eis
1960 2697 2008 2727 te-

196 2759 311 2788 neatur
336 2757 414 2788 dare
432 2757 484 2788 vel
500 2757 706 2798 respondere
720 2757 809 2788 dicto
823 2757 1002 2788 conventui
1018 2766 1077 2797 pro
1093 2757 1169 2788 ficto
1184 2757 1260 2788 anni
1277 2757 1423 2797 preteriti
1443 2757 1562 2788 virtute
1582 2757 1668 2788 dicte
1693 2758 1929 2789 transactionis
1946 2755 2007 2796 (2).

253 2913 284 2937 (1)
299 2913 361 2934 Sulla
376 2914 536 2935 celebrazione
551 2914 573 2934 di
590 2915 675 2940 questo
691 2913 798 2940 Capitolo
814 2919 826 2934 e
841 2919 867 2935 su
883 2914 964 2934 alcune
980 2919 1021 2934 sue
1037 2914 1075 2934 im-
1131 2914 1193 2939 nnis,
1209 2913 1266 2934 latta
1282 2914 1443 2939 superioribus
1458 2915 1524 2935 annis
1539 2920 1582 2935 con
1598 2915 1737 2935 istroniento
1753 2916 1834 2940 rogato
1850 2915 1878 2935 da
1894 2914 1945 2935 Gio.
1962 2914 2005 2935 An-

201 2958 303 2983 portanti
319 2958 491 2983 deliberazioni,
508 2958 560 2979 vedi
576 2959 691 2984 TORELLl,
708 2959 764 2984 Vlll,
779 2959 812 2979 66.
1129 2959 1181 2984 gelo
1197 2958 1324 2979 Costadoni
1336 2965 1343 2982 .'
1364 2959 1482 2980 ricordato
1504 2960 1544 2980 che
1560 2965 1572 2980 :1
1588 2960 1658 2980 certis
1683 2959 1765 2980 diebus
1781 2960 1846 2985 citra,
1863 2959 2003 2979 reverendus

254 3000 284 3027 (2)
298 3002 323 3023 Αἰ
339 3002 365 3023 28
379 3003 450 3029 luglio
465 3008 508 3024 con
523 3004 574 3024 atto
589 3003 625 3024 del
641 3003 720 3024 notaio
736 3002 855 3024 Sinibaldo
871 3003 972 3024 Ferrari:
1126 3003 1234 3023 dominus
1249 3002 1320 3023 frater
1335 3003 1458 3024 Anselmus
1467 3003 1495 3024 de
1504 3003 1638 3024 Mediolano
1654 3003 1719 3024 Prior
1730 3003 1826 3029 predicti
1844 3003 2002 3023 monasteriii..

256 3046 278 3067 ln
293 3046 416 3068 refectorio
440 3047 573 3068 monasterii
598 3049 678 3069 sancte
702 3048 847 3069 Mustiole....
865 3047 988 3069 Ricordata
1004 3047 1018 3068 l'
1030 3047 1073 3068 ele-
1128 3049 1149 3068 et
1165 3047 1236 3068 trater
1252 3047 1378 3068 ieronimus
1403 3047 1431 3068 de
1453 3047 1603 3073 Bastonibus,
1628 3047 1699 3068 frater
1723 3047 1852 3073 Apolonius
1867 3047 1894 3067 de
1910 3046 2005 3072 Arigno-

202 3091 268 3112 zione
282 3096 295 3112 a
311 3093 462 3117 procuratore
477 3091 513 3113 del
529 3091 650 3113 Convento
665 3092 687 3113 di
702 3092 761 3114 frate
777 3092 827 3114 Gio.
844 3092 945 3114 Antonio
960 3092 988 3113 de
1004 3091 1076 3117 Quar-
1131 3092 1206 3117 nibus,
1222 3091 1293 3112 irater
1317 3092 1419 3113 Uberius
1440 3091 1520 3113 Gallus
1536 3093 1558 3113 et
1573 3091 1644 3113 frater
1669 3092 1764 3117 Egidius
1779 3092 1807 3112 de
1822 3091 1940 3116 Vercellis,
1964 3096 2004 3117 ap-
