2305 3407
1964 153 2029 186 253

215 295 234 318 a
260 286 359 317 nobis
384 285 575 317 facultatem
600 285 751 317 eiusdem
788 292 912 316 causae
949 284 1208 324 prosequendae
1244 286 1344 325 atque
1370 285 1412 316 ad
1439 285 1564 316 exitum
1604 285 1833 325 perveniendi,
1867 286 2031 326 pollicens

215 350 246 380 te
271 348 382 379 omnia
407 347 600 379 effecturum
626 356 686 388 pro
713 346 842 378 viribus
867 347 945 383 tuis,
971 346 1093 378 nedum
1120 348 1154 378 ut
1179 345 1272 379 Ordo
1297 349 1413 379 noster
1438 347 1564 378 nullum
1592 347 1622 378 in
1649 348 1710 379 liae
1736 357 1769 379 re
1794 347 2030 380 detrimentum

218 410 372 450 patiatur,
397 409 457 441 sed
483 409 593 447 etiam,
620 411 653 440 ut
680 408 853 440 utilitatem
879 410 1127 448 consequatur;
1154 409 1231 440 inde
1250 409 1348 440 etiam
1371 409 1557 441 ostendens
1582 410 1822 450 quodcumque
1839 412 1889 441 est
1908 410 2033 442 laboris

218 482 277 513 pro
303 471 442 503 Ordinis
469 472 594 502 lionore
621 471 843 502 libentissime
869 473 900 502 et
926 471 1178 502 studiosissime
1215 472 1469 503 substenturum
1496 473 1597 511 atque
1622 471 1790 503 obiturum
1817 481 1916 503 esse:
1951 472 2034 510 Nos,

217 535 426 568 confidentes
450 536 518 565 tum
546 533 743 574 prudentiae
769 535 855 564 tuae.
881 535 948 564 tum
976 534 1074 565 etiarn
1102 533 1294 574 specialiter
1319 534 1409 574 quod
1437 534 1676 574 quodcumque
1703 534 1734 564 in
1763 534 1823 565 liae
1849 542 1952 565 causa
1982 535 2034 575 agi

218 598 349 638 poterit,
387 597 417 627 in
455 605 521 627 rein
559 598 590 627 et
625 595 838 626 commodum
877 594 1015 627 Ordinis
1053 596 1156 627 nostri
1196 596 1448 627 studiosissime
1476 596 1677 636 praestabis,
1704 596 1774 633 tibi,
1801 599 1916 627 tenore
1943 605 2037 637 prae—

216 660 359 691 sentium
386 661 417 690 et
442 658 545 689 nostri
571 657 673 689 oflicii
699 658 907 695 auctoritate,
944 657 1136 690 facultatem
1164 660 1312 689 nostram
1350 658 1471 689 damus
1508 660 1539 690 et
1576 660 1775 699 potestatem
1810 658 1954 690 tacimus
1992 661 2035 694 ut,

218 723 311 753 iuxta
337 721 476 752 formam
502 723 719 760 tenoremque
756 720 919 752 factorum
957 729 1016 752 seu
1055 721 1289 761 capitulorum,
1326 730 1412 761 quae
1449 721 1534 752 alias
1572 721 1671 752 nobis
1697 730 1799 761 super
1829 722 1891 753 hac
1922 730 1966 759 re,
1996 721 2036 753 de

218 785 391 823 utriusque
416 791 584 814 consensu
611 783 727 823 partis,
752 782 904 814 contecta
930 783 1109 814 ostendisti
1136 780 1196 822 (1),
1222 784 1308 815 lianc
1334 792 1483 821 causam,
1524 783 1650 815 meliori
1686 783 1787 815 modo
1823 792 1861 815 ac
1899 784 2037 821 ratione,

218 848 409 887 pertractes,
434 846 625 885 exequaris,
652 846 820 885 transigas
846 847 946 886 atque
983 846 1156 881 absolvas,
1195 846 1298 877 utaris
1338 846 1537 877 auctoritate
1575 848 1689 877 nostra
1716 855 1781 877 non
1819 855 1919 877 secus
1945 855 1983 877 ac
2010 847 2036 877 si

220 917 291 943 nos.
316 910 496 939 tractantes
523 908 607 939 lianc
633 917 783 945 causam,
811 911 988 945 utareinur‚
1026 909 1056 939 in
1096 909 1229 940 nornine
1257 907 1366 939 Patris
1391 910 1421 940 et
1449 908 1519 939 Filii
1546 914 1577 940 et
1603 907 1748 949 Spiritus
1774 907 1899 946 Sancti,
1929 918 2037 940 anien.

308 970 496 1008 Hortamur,
523 979 580 1001 nec
608 979 671 1001 non
699 972 728 1001 tc
756 971 786 1001 in
814 969 958 1000 Domino
985 979 1160 1001 numenius
1188 973 1231 1007 ut,
1258 971 1416 1011 quoniam
1444 980 1496 1002 res
1523 980 1609 1011 quae
1647 972 1803 1002 tractatur
1836 971 2036 1011 gravissima

218 1035 268 1065 est
293 1035 324 1063 et
350 1034 546 1073 perpetuum
572 1041 648 1064 esse
686 1032 784 1064 debet
812 1032 979 1072 quidquid
1006 1032 1254 1064 decernendum
1289 1032 1397 1071 fuerit,
1423 1042 1462 1064 ea
1489 1033 1593 1064 utaris
1626 1033 1810 1073 diligentia,
1849 1033 2038 1073 prudentia,

219 1096 332 1127 studio
357 1104 395 1126 ac
421 1095 497 1131 tide,
525 1097 557 1126 ut
583 1095 624 1126 de
650 1094 777 1126 Ordine
816 1095 899 1126 bene
937 1103 1014 1126 esse
1052 1095 1203 1126 meritum
1243 1095 1382 1126 iudicari
1409 1097 1439 1126 et
1466 1095 1693 1126 commendari
1737 1096 1862 1135 possis.
1889 1095 1979 1126 Bene
2006 1095 2036 1126 in

221 1157 366 1189 Domino
393 1158 478 1192 vale,
516 1157 637 1188 Datum
677 1157 818 1193 Patavii,
856 1157 909 1188 die
946 1158 1090 1198 septima
1127 1158 1255 1198 aprilis,
1294 1157 1473 1188 MDLVlll.
1511 1156 1700 1198 Subscript.
1732 1157 1781 1189 Fr.
1808 1156 2039 1189 Ctiristoforus

223 1218 400 1252 Generalis
427 1220 596 1260 indignus.
623 1220 661 1251 Et
687 1220 821 1260 sigillat.
849 1220 959 1259 sigillo
987 1220 1126 1259 praefati
1152 1220 1278 1250 domini
1306 1219 1430 1250 Prioris
1456 1218 1633 1251 Generalis
1659 1220 1689 1250 in
1716 1229 1790 1251 cera
1816 1220 1928 1251 rubea.

1007 1420 1248 1460 CMLIX.

314 1529 541 1558 Convenzioni
565 1538 624 1566 per
649 1530 679 1558 la
703 1529 856 1558 cessione
881 1529 913 1558 di
938 1529 971 1558 S.
998 1529 1157 1557 Mostiola
1180 1530 1244 1557 alle
1269 1530 1434 1557 Monache
1460 1528 1492 1556 di
1516 1529 1632 1557 Monte
1658 1528 1803 1559 Oliveto.

819 1651 956 1676 1558
969 1666 982 1681 9
1011 1652 1360 1682 settenmbre‚
1389 1650 1441 1676 3.

826 1739 965 1760 ‹Biblioteca
982 1739 1089 1764 Angelica
1106 1739 1127 1759 di
1145 1739 1215 1760 Roma
1232 1749 1256 1752 ἡ
1272 1739 1329 1760 Cod.
1347 1745 1367 1759 n.
1384 1740 1423 1760 483
1440 1756 1443 1759 .

333 1908 377 2023 Ι
471 1926 495 1952 Ν
521 1921 654 1951 nomine
680 1919 826 1957 Domini,
854 1919 970 1951 Arnen.
1009 1919 1106 1951 Anno
1144 1920 1330 1951 nativitatis
1366 1919 1519 1951 eiusdem
1562 1919 1742 1951 millesimo
1768 1919 2042 1960 quingentesimo

492 1983 777 2023 quinquagesimo
802 1984 934 2019 octavo,
962 1982 1145 2013 indictione
1171 1983 1288 2022 prima,
1315 1983 1368 2013 die
1394 1982 1526 2013 sabbati
1553 1983 1648 2013 tertia
1676 1983 1801 2013 niensis
1827 1981 2042 2022 septembris,

263 2081 267 2083 Y
494 2046 574 2076 hora
601 2053 817 2085 vesperarum
845 2044 896 2075 vel
923 2045 1021 2082 circa,
1049 2045 1079 2074 in
1106 2044 1242 2075 civitate
1280 2043 1417 2084 Papiae,
1455 2045 1612 2076 videlicet
1643 2045 1674 2075 in
1700 2044 1846 2075 ecclesia
1873 2043 2042 2075 infrascri-

226 2111 355 2149 ptarum
381 2109 592 2139 dominarum
620 2107 819 2138 Monialiuni
846 2109 876 2138 et
902 2107 944 2138 ad
971 2106 1124 2138 ferratam
1152 2107 1182 2137 in
1210 2116 1304 2138 muro
1331 2107 1441 2137 medio
1469 2107 1551 2137 inter
1570 2107 1677 2146 ipsam
1697 2106 1872 2137 ecclesiam
1891 2108 1922 2137 et
1940 2105 2040 2136 alium

224 2172 333 2203 locum
361 2170 562 2210 infrascripti
590 2168 750 2210 Capituli,
776 2172 807 2200 et
834 2170 863 2200 in
891 2178 958 2209 quo
985 2168 1235 2210 infrascriptum
1262 2168 1455 2209 Capitulum
1483 2170 1551 2200 fieri
1578 2171 1608 2200 et
1634 2169 1829 2209 congregari
1857 2168 1952 2206 solet,
1979 2169 2041 2199 sita

225 2234 255 2264 in
284 2232 381 2264 Porta
409 2233 583 2272 Marenga,
610 2232 640 2262 in
669 2230 833 2262 Parocliia
860 2231 964 2262 sancti
992 2230 1172 2262 Gabrielis.
1199 2231 1314 2271 lbique
1341 2232 1371 2262 in
1399 2232 1461 2263 mei
1489 2231 1607 2262 notarii
1646 2231 1849 2271 testiumque
1877 2231 2045 2262 infrascri-

224 2298 355 2336 ptorurn
383 2295 583 2335 praesentia,
610 2295 798 2325 convocato
826 2293 929 2333 prius,
956 2292 1096 2324 collecto
1122 2296 1153 2324 et
1178 2296 1383 2335 congregato
1409 2292 1568 2334 Capitulo
1602 2293 1860 2325 reverendarum
1888 2295 1918 2324 et
1944 2302 2044 2324 vene-

224 2358 378 2389 rabilium
406 2357 617 2388 dominarum
645 2355 850 2386 Abbatissae
876 2356 906 2386 et
934 2354 1134 2386 Monialiuin
1162 2356 1354 2387 monasterii
1382 2357 1519 2387 sanctae
1546 2355 1675 2387 Mariae
1693 2356 1734 2386 de
1753 2355 1869 2386 Monte
1895 2354 2042 2391 Oliveto,

223 2417 363 2451 Ordinis
389 2419 494 2450 sancti
522 2418 706 2454 Benedicti,
733 2416 1018 2457 Congregationis
1056 2417 1161 2448 Vallis
1196 2417 1395 2455 Umbrosae,
1431 2418 1472 2448 de
1510 2418 1668 2449 mandato
1694 2420 1725 2449 et
1751 2418 1968 2457 impositione
1995 2426 2042 2448 re-

224 2481 389 2512 verendae
416 2481 530 2511 matris
556 2482 586 2511 et
612 2480 769 2510 dominae
796 2478 986 2509 Ludovicae
1013 2488 1053 2509 ex
1081 2477 1273 2511 Comitibus
1299 2478 1535 2511 Oainbaranae
1563 2478 1767 2511 Abbatissae
1795 2479 1955 2519 praedicti
1975 2488 2044 2510 mo-

224 2543 371 2580 nasterii,
408 2551 563 2583 sonoque
599 2541 830 2582 campanellae
873 2541 1061 2581 praemisso
1100 2544 1133 2572 ut
1171 2542 1273 2573 moris
1299 2544 1361 2579 est,
1388 2542 1418 2572 in
1446 2551 1514 2582 quo
1540 2541 1676 2582 quidem
1703 2540 1864 2581 Capitulo
1890 2541 2040 2575 aderant,

223 2604 356 2636 fuerunt
381 2607 411 2636 et
437 2607 513 2636 sunt
540 2604 710 2645 praedicta
737 2603 920 2634 reverenda
947 2603 1083 2634 domina
1110 2603 1293 2635 Abbatissa
1320 2606 1350 2635 et
1376 2613 1449 2635 cum
1476 2613 1514 2635 ea
1540 2606 1570 2635 et
1597 2612 1701 2644 penes
1726 2605 1757 2634 et
1783 2603 1873 2643 apud
1893 2612 1965 2634 eam
1993 2603 2040 2633 in-

222 2666 421 2707 frascriptae
448 2666 660 2698 venerabiles
686 2666 842 2697 dominae
870 2664 1049 2702 Moniales,
1077 2666 1250 2697 videlicet:
1278 2665 1399 2697 Donna
1426 2665 1606 2697 Benedicta
1621 2666 1662 2697 de
1682 2664 1897 2706 Strazapatis,
1919 2664 2039 2696 Donna

279 2827 310 2849 (li
328 2825 371 2850 Qui
387 2826 405 2846 si
421 2825 498 2846 allude
513 2826 558 2847 ailo
580 2827 673 2846 schema
689 2825 710 2846 di
726 2825 884 2846 convenzionc¹
906 2825 1014 2846 discusso
1029 2830 1041 2845 e
1057 2829 1107 2850 pre-
1161 2823 1183 2843 di
1206 2822 1285 2844 Roma<
1304 2833 1326 2837 —
1343 2823 1399 2843 Essa
1416 2822 1427 2843 ὲ
1443 2821 1561 2843 conforme
1576 2822 1643 2848 qnasi
1659 2822 1812 2843 interarnente
1827 2822 1871 2842 alle
1885 2821 2035 2842 convenzioni

226 2872 309 2896 parato
324 2870 357 2891 tra
373 2871 386 2891 ll
403 2870 568 2891 protonotario
587 2870 720 2896 apostolico
737 2870 809 2891 Panlo
825 2869 968 2895 Pallavicini,
983 2869 1104 2894 superiore
1159 2868 1200 2888 clie
1222 2867 1259 2887 noi
1282 2867 1456 2893 pubbliclriamo
1478 2868 1542 2887 sotto
1558 2866 1571 2886 il
1587 2867 1600 2887 3
1615 2867 1742 2887 settembre
1765 2867 1828 2887 1558:
1852 2871 1896 2886 una
1912 2866 2035 2886 ditterenza

226 2914 285 2935 delle
307 2914 499 2935 Vallornbrosane
520 2914 542 2935 di
566 2914 647 2935 Monte
669 2914 761 2935 Oliveto
776 2914 797 2934 di
815 2913 893 2937 Pavia,
911 2913 994 2939 percht-
1016 2913 1102 2933 abbate
1157 2912 1267 2932 notevole
1283 2911 1294 2932 e
1310 2911 1345 2931 nel
1362 2917 1447 2936 prezzo
1469 2911 1552 2931 tissato
1568 2916 1609 2936 per
1625 2911 1644 2931 ln
1661 2911 1766 2931 cessione
1782 2910 1817 2930 dei
1842 2910 1893 2930 beni
1910 2910 1931 2930 di
1947 2909 1969 2930 S.
1987 2909 2036 2930 Mo-

225 2958 424 2979 commendatario
445 2958 481 2979 del
503 2960 619 2979 convento
641 2958 662 2978 di
684 2957 707 2979 S.
731 2958 866 2983 Lantranco,
884 2957 913 2978 ed
928 2957 942 2977 il
958 2956 1102 2978 Provinciale
1156 2956 1226 2976 stiola
1242 2955 1263 2976 in
1280 2963 1290 2973 α
1301 2955 1367 2976 scudi
1383 2955 1501 2976 duamillia
1516 2960 1528 2975 a
1544 2955 1600 2975 libre
1615 2955 1699 2980 cinqnc
1714 2956 1736 2975 et
1752 2954 1811 2975 soldi
1824 2954 1881 2974 dieci
1898 2959 1938 2979 per
1952 2953 2035 2978 scudo,

226 3002 248 3023 di
265 3002 402 3023 Lombardia
417 3002 476 3023 traie
491 3002 549 3023 Gian
565 3002 666 3023 Antonio
682 3002 797 3023 Mariuoni
813 3002 835 3022 di
851 3002 946 3022 Milano.
1158 3001 1199 3021 che
1214 3000 1283 3021 fanno
1299 3000 1320 3020 in
1336 3001 1398 3021 tutto
1414 2999 1434 3020 la
1449 3004 1539 3021 somma
1555 2999 1583 3020 de
1598 2999 1655 3020 libre
1671 2998 1746 3019 nndici
1763 2998 1832 3019 millia
1848 2998 1960 3024 imperiali
1970 3005 1988 3018 ι·4

280 3046 329 3068 Una
344 3046 411 3073 copia
427 3046 448 3067 di
465 3049 548 3073 queste
563 3047 636 3072 prime
651 3047 802 3068 convenzioni
814 3047 832 3067 si
844 3046 932 3067 ritrova
947 3045 1103 3071 all'Angelica
