2305 3407
314 144 376 176 170

1104 323 1325 364 DCCCL.

399 435 426 463 11
453 435 608 463 Comune
634 434 668 463 di
696 434 808 462 Pavia
834 434 957 462 chiede
984 433 1016 461 al
1044 433 1166 461 Priore
1193 433 1366 461 Generale
1385 433 1447 460 che
1466 432 1555 460 frate
1575 431 1729 460 Martino
1747 431 1792 460 da
1811 431 1945 460 Milano
1971 431 2130 467 rimanga

311 489 345 517 in
371 489 406 517 S.
434 488 617 524 Agostino.

1411 581 1501 605 22.

932 583 950 606 1
957 582 1087 611 634,
1122 588 1226 606 1111]
1233 581 1322 612 gg!
1329 588 1377 609 ο,

842 671 908 691 Αῐιε1ιΔ
925 670 960 690 del
978 670 1062 691 Museo
1078 670 1127 691 Civ.
1144 670 1165 690 di
1182 670 1243 690 Stor.
1262 669 1323 690 l‘ntr.
1340 680 1363 682 —
1382 668 1456 689 Pucco
1472 668 1606 693 Religion.

396 856 495 971 R
560 872 859 901 EVERENDlSSlMO
887 868 917 898 in
945 865 1082 899 Cliristo
1110 865 1206 897 Patre
1233 865 1543 903 honorandissimo,

672 930 839 961 Havendo
866 930 920 960 noi
948 929 1074 964 notitia,
1103 928 1141 959 V.
1169 928 1306 961 Rewma
1333 927 1365 960 S.
1393 929 1495 960 liaver
1533 929 1739 960 domandato
1765 928 1807 959 da
1833 928 1869 959 se
1896 927 1916 959 il
1943 927 2138 959 venerando

518 1029 532 1030 ἶ
583 992 679 1024 Patre
720 992 802 1023 frate
845 991 991 1022 Martino
1018 991 1060 1022 da
1087 990 1216 1022 Milano
1242 1000 1258 1022 e
1285 992 1405 1031 perche
1443 994 1562 1032 questa
1589 992 1667 1023 citta
1701 1000 1736 1023 se
1774 991 1909 1032 prevale
1946 999 2009 1031 pur
2047 991 2138 1022 assai

314 1056 344 1087 d'
360 1065 440 1087 esso
467 1055 576 1091 Patre,
602 1064 619 1086 e
644 1054 867 1086 essistimaria
894 1062 952 1093 per
988 1061 1068 1093 gran
1106 1052 1228 1092 Jattum
1255 1054 1415 1085 restando
1441 1055 1537 1095 priva
1563 1054 1650 1085 della
1669 1063 1730 1085 sua
1749 1054 1838 1084 bona
1865 1053 2138 1091 conversatione,

313 1120 420 1150 attese
447 1118 475 1149 le
502 1126 562 1149 sue
589 1117 739 1157 singular
766 1116 890 1152 virtuti,
916 1115 1104 1155 essemplar
1131 1115 1198 1146 vita
1224 1118 1255 1147 et
1280 1117 1386 1147 ottimi
1421 1117 1586 1148 costumi:
1625 1115 1687 1148 Per
1724 1118 1816 1147 tanto
1843 1115 1904 1147 n'e
1931 1124 2032 1156 passo
2058 1124 2140 1156 sup-

314 1180 453 1221 plicarla
479 1180 521 1211 ad
548 1187 662 1210 essere
688 1180 846 1209 contenta
862 1178 902 1208 de
916 1178 1149 1218 compiacerne
1164 1177 1216 1208 del
1233 1178 1325 1209 detto
1352 1177 1460 1216 Patre,
1486 1178 1559 1210 cio'e
1577 1179 1618 1210 de
1638 1178 1825 1210 lassarnelo
1845 1179 1876 1209 in
1895 1180 2014 1218 questa
2040 1177 2141 1209 cirta:

316 1242 336 1274 Il
364 1243 424 1274 che
450 1242 605 1279 iacendo,
632 1250 727 1273 come
755 1249 924 1281 speramo,
962 1239 1045 1271 oltre
1082 1240 1144 1271 elie
1183 1249 1248 1271 non
1287 1241 1395 1280 potria
1421 1240 1505 1272 farni
1532 1249 1613 1272 cosa
1638 1241 1695 1281 piu
1721 1242 1814 1281 grata
1841 1241 1912 1272 cosi
1939 1240 1970 1271 in
1997 1248 2140 1272 comune

315 1307 442 1345 quanto
470 1305 500 1336 in
528 1304 740 1345 particolaae,
766 1303 810 1344 gli
837 1312 878 1334 ne
903 1305 1087 1334 restaremo
1128 1303 1234 1334 anche
1261 1311 1324 1334 con
1366 1305 1531 1343 perpetuo
1556 1302 1708 1344 obbligo.
1736 1302 1774 1334 Et
1799 1302 1848 1334 fra
1874 1304 1967 1333 tanto
1994 1303 2025 1333 in
2052 1302 2142 1334 bona

316 1368 422 1409 gratia
448 1367 536 1399 della
563 1366 693 1407 prefata
720 1365 857 1399 Hemina
883 1364 916 1397 S.
944 1365 981 1397 V.
1007 1374 1043 1396 se
1071 1364 1352 1396 raccomandamo
1378 1364 1583 1396 offerendosi
1611 1365 1797 1405 parimente
1823 1364 1879 1395 noi
1905 1364 1947 1396 ad
1973 1364 2051 1405 ogni
2078 1372 2141 1396 suo

316 1430 455 1461 servitio
481 1431 512 1461 et
538 1429 669 1469 piacere
696 1428 914 1469 paratissimi.
941 1426 990 1458 De
1017 1426 1134 1465 Pavia,
1160 1427 1215 1458 alli
1242 1426 1329 1467 XXIJ
1357 1427 1389 1458 di
1417 1427 1563 1467 maggm,
1595 1427 1686 1458 1534.
1702 1425 1751 1458 De
1770 1425 1807 1457 V.
1828 1425 1964 1459 Rev.ma
1989 1424 2022 1458 S.
2049 1426 2144 1458 dedi-

315 1493 437 1524 tissimi
466 1492 484 1523 li
512 1491 672 1532 Deputati
699 1491 753 1522 all’
768 1490 875 1521 offitio
912 1490 1000 1521 della
1038 1489 1251 1527 provisione,
1289 1488 1438 1521 Bozulus
1463 1489 1583 1527 abbas,
1609 1487 1785 1521 Camillus.

406 1554 443 1585 A.
470 1554 507 1585 T.
536 1553 574 1585 Al
602 1553 741 1587 Revmo
769 1554 800 1584 in
827 1551 964 1585 Christo
991 1552 1142 1584 Maestro
1169 1551 1328 1584 Gabriele
1348 1551 1475 1583 Veneto
1501 1551 1578 1583 dell'
1593 1550 1721 1583 Ordine
1739 1551 1955 1583 Heremitano
1969 1551 2010 1583 de
2025 1553 2143 1583 sancto

317 1616 509 1658 Augustino
535 1615 699 1648 Generale
726 1615 942 1647 meritissimo
969 1616 1084 1646 nostro
1111 1614 1421 1645 lionorandissiino.

1102 1815 1349 1856 DCCCLL

406 1928 434 1955 Il
461 1926 623 1963 Capitolo
650 1926 684 1954 di
712 1926 744 1956 S.
773 1925 882 1953 Paolo
908 1925 1021 1954 vende
1047 1934 1092 1953 un
1117 1933 1232 1953 annuo
1258 1933 1365 1953 censo
1392 1933 1434 1953 su
1458 1929 1551 1953 terre
1577 1924 1611 1952 di
1639 1923 1827 1954 Stradella.

944 2039 1108 2070 1634,
1141 2038 1404 2070 11131ggi09
1438 2037 1528 2063 27.

804 2127 880 2151 (Arcli.
897 2127 977 2149 Notar.
994 2127 1016 2148 di
1033 2127 1112 2148 Pavia.
1128 2138 1153 2141 —
1170 2127 1217 2148 Atti
1234 2127 1255 2147 di
1272 2126 1329 2147 Oian
1347 2126 1490 2147 Bernardino
1506 2126 1566 2148 della
1583 2125 1640 2151 Ripa
1658 2143 1662 2146 .

569 2332 611 2358 EL
639 2326 805 2359 convento
831 2326 866 2358 tii·
890 2326 922 2359 S.
949 2326 1065 2362 Paolo,
1094 2326 1158 2357 sub
1184 2326 1314 2366 porticu
1342 2326 1438 2366 primi
1464 2325 1613 2356 claustri.
1638 2324 1794 2356 Adimam
1819 2324 1843 2356 il
1869 2323 2021 2364 Capitolo
2047 2323 2144 2355 d’or-

590 2389 665 2420 dine
690 2389 816 2419 domini
844 2388 957 2420 fratris
983 2388 1113 2420 Nicolai
1130 2389 1169 2419 de
1186 2387 1291 2428 Papia
1318 2387 1641 2428 Prioris,tzelq11ale
1666 2396 1765 2419 erano
1786 2387 1933 2428 presenti
1955 2386 2008 2418 col
2030 2385 2145 2418 Priore

390 2313 513 2430 N

322 2512 422 2544 frater
448 2512 616 2553 Agabitus
642 2513 682 2545 de
709 2513 870 2545 Vercellis
895 2516 926 2545 et
952 2513 1052 2544 frater
1078 2512 1257 2545 Secundus
1283 2513 1323 2544 de
1350 2513 1450 2551 Leno,
1488 2514 1759 2553 representantes
1792 2513 1896 2542 totum
1923 2512 1953 2542 et
1979 2510 2143 2550 integrum

591 2451 602 2482 i
625 2451 774 2490 religiosi
798 2450 897 2482 frater
924 2450 1092 2482 Pacificus
1118 2451 1159 2482 de
1186 2449 1351 2483 Garlasco
1378 2451 1538 2488 vicarius,
1565 2450 1666 2481 frater
1681 2449 1724 2481 lo.
1740 2449 1909 2480 Antonius
1924 2448 1964 2480 de
1983 2446 2143 2486 Cezadio‚

326 2670 448 2695 Augustini
466 2670 493 2690 dc
509 2670 644 2696 Maynnrdis
661 2670 755 2696 l‘rioris,
772 2670 807 2690 nel
825 2670 878 2696 qual
903 2670 1006 2695 capitolo
1029 2675 1099 2690 erano
1115 2676 1157 2691 con
1174 2670 1203 2690 lui

326 2713 397 2734 irater
415 2714 488 2734 Lucas
503 2714 531 2734 dc
548 2714 629 2734 Parma
645 2717 667 2735 et
684 2714 754 2735 irater
771 2714 854 2735 Petrus
863 2715 891 2734 dc
901 2714 1004 2739 Linioxo,
1017 2715 1206 2739 representatum

327 2760 401 2779 totuin
419 2760 440 2779 et
456 2759 570 2783 integrunt
587 2759 714 2784 capitulum
732 2759 814 2784 prelati
832 2759 976 2784 nmnastcrit,
995 2760 1087 2779 attento
1104 2758 1167 2784 quod
1183 2758 1204 2778 in

327 2807 354 2823 eo
371 2802 424 2822 nulli
440 2802 477 2823 nlii
495 2802 638 2823 ressident...
664 2802 815 2823 Constitutus
838 2803 978 2823 venerahilis
1002 2803 1111 2823 dominus
1135 2802 1207 2823 trntcr

328 2846 461 2867 Ludovicus
476 2847 504 2868 de
521 2846 617 2868 Recetto
641 2847 743 2868 diocesis
766 2847 922 2868 Vercellensis
937 2849 959 2868 et
976 2847 1014 2872 qui
1038 2846 1208 2872 professionem

327 2890 380 2912 lecit
397 2891 418 2912 in
434 2891 540 2917 predicto
557 2892 699 2912 monasterio
715 2893 795 2912 sancte
818 2891 948 2917 Mustionc,
971 2891 1086 2912 <lanianda
1102 2891 1123 2911 di
1140 2893 1207 2917 poter

327 2935 428 2957 vendere
442 2936 517 2957 alcuni
534 2936 585 2956 suoi
602 2936 653 2956 beni
670 2936 690 2956 di
708 2935 818 2962 (annalia,
830 2936 892 2962 posti
909 2936 930 2956 in
947 2935 1052 2958 Rccetto.
1063 2935 1077 2956 ll
1089 2941 1210 2961 pernicsso

326 2980 348 3000 di
365 2980 430 3001 detta
446 2980 540 3001 vendita
556 2980 585 3006 gli
602 2980 614 3001 e
629 2980 765 3001 accordato.

381 3024 431 3051 Agli
449 3025 469 3045 ll
487 3024 616 3046 settembre
641 3025 654 3045 il
679 3025 783 3051 capitolo
808 3024 829 3045 di
855 3023 877 3046 S.
894 3024 1015 3050 Mosti01a‚
1040 3024 1062 3045 di
1087 3024 1123 3045 cui
1140 3023 1209 3045 launo

1261 2671 1326 2695 parte
1342 2669 1451 2690 dominus
1472 2668 1582 2693 magister
1598 2668 1744 2693 Augustinus
1760 2666 1787 2688 (le
1804 2666 1939 2693 Mnynnrdis
1964 2665 2054 2687 Prior...
2071 2664 2142 2686 trater

1261 2714 1359 2735 Carolus
1375 2713 1403 2733 dc
1419 2713 1567 2737 Arigonilnis,
1584 2712 1654 2733 irater
1671 2711 1839 2732 Ludovicusdc
1849 2709 2046 2735 Vercellis,lrater
2058 2709 2142 2731 Petrus

1261 2758 1288 2778 de
1305 2758 1397 2778 limoso
1413 2759 1435 2778 et
1451 2757 1521 2777 frater
1546 2757 1662 2784 Melcliion
1679 2756 1706 2777 de
1729 2756 1827 2776 Millinio
1854 2756 1884 2780 '.>)‚
1900 2755 2012 2775 incientes
2028 2755 2103 2775 totum
2119 2755 2141 2775 ct

1262 2803 1376 2827 integrunt
1393 2802 1529 2827 capitulum,
1546 2801 1574 2821 dal
1590 2801 1729 2821 investitura
1745 2800 1874 2821 novennalc
1889 2805 1901 2820 a
1918 2799 1995 2820 l'ietro
2018 2798 2098 2824 Buzzi,
2113 2798 2142 2819 dc

1265 2846 1391 2867 medietate
1407 2852 1449 2871 pro
1474 2845 1576 2866 indii-lxo
1600 2851 1651 2866 cuni
1675 2845 1769 2865 domino
1792 2844 1823 2864 lo.
1840 2844 1963 2865 Guillenno
1978 2844 2000 2864 et
2017 2842 2143 2868 nepotibus

1262 2896 1289 2911 cx
1305 2890 1437 2912 Cotllililms
1453 2890 1541 2911 Montis
1557 2889 1662 2914 Sicluilis·‚
1680 2889 1857 2914 possessionum
1873 2889 1896 2909 ct
1912 2888 2025 2908 bonorum
2044 2887 2142 2907 sitorum

1266 2935 1288 2955 in
1313 2935 1432 2956 territorio
1456 2935 1546 2955 Montis
1570 2934 1668 2955 Siclinlis
1693 2935 1715 2954 ct
1739 2933 1847 2959 partibus
1871 2931 2087 2957 circumstantibus,
2103 2936 2143 2956 per

1262 2979 1363 3000 l'annuo
1378 2985 1449 3000 censo
1465 2979 1486 2999 di
1502 2979 1579 3000 sacelli
1605 2983 1664 2999 nove
1688 2977 1710 2998 di
1735 2977 1860 2998 frumento.
1884 2977 1907 2998 L'
1917 2977 1968 2998 atto
1983 2976 1995 2997 ὲ
2011 2975 2047 2997 del
2063 2975 2143 2996 notaio

1265 3023 1323 3045 Gian
1339 3024 1467 3045 Franccsco
1484 3023 1575 3045 Porzio.
