2305 3407
291 153 356 184 276

1069 333 1338 375 CMLXX.

603 444 827 473 Testamento
853 443 905 472 del
930 443 1004 474 nob,
1031 442 1144 471 Muzio
1169 442 1282 471 Pietra
1306 451 1325 471 a
1349 443 1463 472 favore
1488 442 1521 471 di
1556 443 1589 474 S.
1626 441 1798 474 Mostiola.

935 566 1014 590 15(
1021 565 1074 589 50
1085 580 1098 593 ,
1129 571 1235 590 ιι-ιει
1243 571 1333 591 1⁴20
1344 579 1358 596 9
1388 564 1466 589 19.

856 654 929 676 (Arcti.
947 653 1028 674 Not-¹11.
1045 654 1066 674 di
1088 653 1160 674 Pax-in
1179 665 1195 667 ›-
1219 653 1266 673 Atti
1283 653 1304 673 di
1321 653 1398 674 fiunto
1415 653 1551 678 mangano).

362 812 480 928 N
541 825 570 857 el
593 824 757 865 refertorio
782 824 817 856 di
840 823 873 856 S.
899 824 1068 856 Mostiola.
1098 824 1305 856 Testamento
1330 824 1384 856 del
1406 823 1481 856 nob.
1507 824 1620 856 Muzio
1645 823 1766 862 PIetm,
1791 824 1954 856 cavallere
1971 832 1987 856 e
2011 826 2115 861 conte,

562 887 673 928 delfu
700 885 886 921 Gerolamo,
913 887 948 918 di
971 885 1089 924 Ρανία,
1126 885 1180 917 nel
1203 886 1309 926 quale,
1337 887 1394 918 dat
1422 889 1453 919 et
1490 887 1577 928 legat
1614 887 1744 928 prefato
1771 887 1974 919 monasterio
2000 889 2115 919 sancte

563 950 725 981 Mustiole
763 950 866 981 libras
902 951 1033 980 centum
1076 949 1268 989 imperiales
1305 950 1407 981 semel
1446 952 1572 981 tantum
1618 950 1872 991 dispensandas
1911 950 1952 981 ad
1995 949 2119 981 benefi-

293 1014 380 1044 cium
406 1013 536 1053 capelle
574 1021 694 1053 magne
731 1013 793 1043 site
830 1012 860 1042 in
900 1012 1048 1052 predicta
1085 1011 1240 1042 ecclesia.
1276 1011 1463 1049 Assistorm,
1494 1011 1551 1052 fra
1584 1012 1635 1052 gli
1670 1012 1754 1050 altri,
1791 1020 1882 1043 come
1917 1012 2117 1043 testimonii.-

295 1075 393 1107 fratre
419 1074 631 1106 Lanfrancho
657 1074 697 1106 de
725 1073 911 1106 Advocatis
938 1074 1130 1105 verzelenze
1171 1072 1286 1105 Priore
1313 1074 1506 1106 monasterii
1534 1076 1649 1106 sancte
1676 1074 1837 1106 Mustiole
1878 1073 1993 1115 Papie,
2018 1073 2118 1106 fratre

293 1138 490 1169 Lodoviclio
516 1137 556 1168 de
584 1136 718 1169 Rozetis
745 1137 785 1168 de
813 1136 956 1167 Arborio
983 1136 1187 1168 verzellenze
1212 1135 1312 1167 fratre
1339 1135 1496 1176 professo
1516 1137 1547 1167 in
1567 1136 1657 1168 dicto
1691 1137 1916 1175 inonasferio;
1943 1136 2042 1168 fratre
2079 1136 2120 1168 Ε-

294 1200 387 1241 gidio
414 1200 455 1230 de
482 1198 648 1230 Boniollis
675 1199 875 1230 novariense
901 1198 1001 1230 fritre
1029 1198 1185 1239 professo
1212 1199 1243 1229 in
1270 1198 1360 1229 dicto
1387 1199 1604 1236 monasterio,
1630 1197 1730 1230 fratre
1760 1198 1951 1239 Augustino
1976 1199 2018 1230 de
2045 1198 2119 1230 Ma-

292 1263 453 1303 rangonis
480 1262 520 1293 de
547 1261 764 1302 Mongrando
790 1261 943 1293 similiter
967 1261 1050 1292 frate
1078 1261 1108 1292 in
1135 1261 1227 1292 dicto
1253 1261 1470 1292 monasterio.

1055 1461 1339 1502 CMLXXI

470 1571 498 1599 11
523 1570 675 1607 Capitolo
701 1570 734 1599 dl
758 1571 790 1602 S,
817 1571 976 1599 Mostiola
1001 1571 1108 1599 vende
1134 1580 1199 1599 una
1223 1580 1301 1599 casa
1325 1579 1385 1607 per
1409 1571 1582 1608 sopperire
1607 1572 1671 1600 alle
1696 1580 1796 1608 spese
1823 1571 1855 1600 di
1880 1571 1949 1603 lite,

918 1693 1073 1723 1560,
1108 1700 1171 1717 111
1177 1693 1364 1725 ειεξίο,
1398 1694 1489 1718 25.

859 1781 918 1802 Arcli
944 1781 1024 1801 Nolnr.
1042 1781 1064 1801 di
1081 1781 1160 1801 I’avia.
1178 1792 1202 1795 --
1218 1781 1266 1802 Atti
1283 1781 1304 1801 di
1321 1781 1412 1802 Matteo
1429 1781 1571 1805 Cellanovn).

380 1940 479 2055 R
544 1953 690 1984 αιίιιιιιιω
716 1953 739 1984 il
766 1952 917 1993 Cnpifolo
943 1953 977 1983 ιίῐ
1001 1952 1033 1984 S.
1059 1952 1229 1987 Mostiola„
1256 1953 1296 1983 de
1323 1953 1482 1983 mamiato
1513 1953 1684 1984 reverendi
1723 1953 1848 1984 domini
1876 1952 1987 1985 fratris
2021 1952 2122 1986 Rochi

566 2015 606 2046 (le
634 2014 792 2052 Arneriis,
820 2013 954 2052 Prioris,
981 2014 1033 2045 nel
1057 2014 1137 2054 qual
1160 2014 1303 2054 capitolo
1328 2023 1427 2046 ercino
1453 2023 1513 2045 con
1539 2015 1585 2046 lui
1609 2014 1709 2046 frater
1735 2015 1929 2046 Ludovieus
1947 2015 1988 2046 de
2006 2014 2122 2055 Papia,

566 2077 666 2109 frater
694 2077 904 2118 Augustinus
930 2078 970 2108 de
997 2076 1156 2113 Novaria,
1183 2076 1282 2108 frater
1321 2077 1461 2117 Egidius
1499 2078 1540 2109 de
1578 2078 1737 2114 Novaria,
1774 2077 1874 2109 frater
1912 2077 2123 2118 Augustinus

297 2142 337 2172 de
365 2141 529 2181 Malgrate
556 2143 585 2171 et
612 2140 711 2171 frater
738 2139 938 2171 Franciscus
969 2140 1009 2170 de
1044 2139 1220 2179 Malgrate,
1259 2143 1542 2179 representantes,
1580 2143 1683 2171 totuin
1722 2140 1906 2180 capitulum
1914 2165 2008 2177 .....
2045 2148 2123 2180 pre-

296 2203 406 2234 faetus
432 2203 590 2234 dontinus
617 2202 711 2233 Prior
738 2211 795 2242 per
822 2203 880 2233 liee
908 2202 1009 2233 verba
1035 2202 1221 2241 aloquutus
1247 2204 1296 2232 est
1323 2205 1353 2233 et
1379 2203 1558 2243 aloquitur,
1585 2203 1762 2234 videlicet:
1799 2202 1928 2233 Fratres
1946 2202 2123 2239 carissimi,

298 2266 378 2297 illud
407 2275 471 2296 non
500 2266 661 2306 ignoratis
688 2266 750 2296 hoc
777 2267 927 2296 nostruin
955 2265 1195 2295 monasterium
1223 2265 1435 2296 contraxisse
1468 2274 1541 2296 cuin
1581 2265 1726 2296 diversis
1764 2266 1919 2305 personis
1957 2265 2048 2296 varia
2085 2273 2122 2295 ac

299 2329 433 2359 diversa
460 2329 584 2365 debita,
610 2331 675 2359 tam
702 2328 743 2359 ad
771 2328 924 2359 effectum
953 2327 1089 2358 vivendi
1117 2328 1148 2358 in
1177 2328 1239 2358 lioe
1274 2328 1473 2359 calamitoso
1511 2330 1671 2368 ternpore,
1709 2336 1809 2367 quani
1849 2330 1882 2358 ut
1919 2328 2125 2359 sustineatur

299 2391 339 2421 lis
365 2394 479 2422 contra
506 2391 615 2431 ipsunt
644 2391 884 2421 monasterium
911 2392 1007 2429 cepta
1035 2398 1092 2429 per
1118 2390 1274 2421 dominas
1301 2390 1465 2421 moniales
1492 2390 1683 2421 monasterii
1711 2389 1840 2421 Montis
1865 2388 1990 2421 Oliveti
2010 2388 2124 2430 Papie‚

299 2454 396 2484 euius
423 2454 489 2484 litis
515 2454 694 2484 occasione
721 2462 861 2484 neeesse
886 2452 947 2483 fuit
974 2452 1026 2483 bis
1053 2453 1180 2484 mittere
1206 2453 1248 2483 ad
1277 2453 1390 2483 urben]
1425 2452 1526 2485 Roma
1544 2462 1573 2488 n,
1604 2452 1799 2492 litterasque
1832 2452 2040 2492 apostolicas
2065 2451 2125 2482 ob-

299 2517 413 2551 tinere,
440 2525 648 2556 necesseque
674 2520 724 2547 est
750 2516 835 2547 alias
860 2524 1033 2555 expensas
1058 2515 1166 2546 faeere
1194 2524 1253 2555 pro
1279 2514 1477 2546 defensione
1505 2515 1571 2545 litis
1597 2515 1706 2554 ipsius
1734 2514 1926 2545 monasterii
1964 2516 1995 2545 et
2031 2513 2122 2554 quod

299 2579 450 2610 redditus
477 2579 584 2618 ipsius
611 2579 805 2609 monasterii
833 2578 899 2608 sint
924 2578 1010 2609 adeo
1036 2580 1164 2613 tenues,
1191 2580 1224 2608 ut
1252 2586 1316 2608 non
1344 2576 1513 2608 sufficiant
1553 2577 1652 2607 victui
1691 2579 1721 2607 et
1759 2577 1922 2616 expensis
1948 2575 2047 2607 factis
2083 2584 2122 2607 ac

299 2641 420 2671 fiendis
446 2641 624 2671 occasione
652 2640 813 2680 predicta.
841 2639 879 2671 Et
905 2642 1081 2680 propterea
1107 2648 1182 2671 cuin
1209 2639 1308 2670 nobis
1333 2647 1497 2670 concessa
1523 2639 1621 2670 fuerit
1647 2639 1782 2670 licentia
1800 2647 1818 2669 a
1837 2638 2123 2670 reverendissimo

298 2702 437 2733 domino
465 2701 560 2733 Patre
588 2701 744 2734 Generali
771 2700 822 2741 (l)
849 2702 1034 2743 Religionis
1061 2704 1173 2733 nostre
1199 2702 1367 2733 alienandi
1395 2701 1509 2741 aliqua
1536 2702 1623 2732 bona
1649 2701 1690 2732 ad
1733 2701 1886 2732 effectum
1925 2700 2122 2740 predictum,

358 2861 376 2879 *l
408 2859 467 2879 Eeco
483 2859 503 2879 la
519 2859 601 2879 lettera
617 2859 658 2879 che
674 2859 692 2879 si
709 2861 775 2879 trnvn
792 2860 855 2879 nnita
871 2864 883 2879 a
900 2861 985 2884 questo
1001 2858 1154 2880 documento:
1238 2859 1256 2879 si
1273 2864 1331 2879 sonu
1347 2858 1397 2879 fatti
1414 2857 1451 2878 dc'
1466 2858 1547 2882 debui,
1564 2859 1586 2878 ct
1608 2858 1620 2878 ‘e
1642 2863 1697 2879 cosa
1720 2858 1797 2883 giusta
1820 2859 1842 2878 et
1865 2857 2013 2882 ragionevole
2035 2857 2076 2877 che
2099 2856 2117 2876 si

356 2903 404 2923 Nos
419 2902 490 2923 frater
506 2902 667 2923 christoforus
684 2902 817 2927 Patavinnss
827 2902 921 2923 Ordinis
938 2903 1090 2923 Eremitarum
1107 2902 1184 2923 Sancti
1239 2903 1356 2928 satisfino,
1371 2904 1393 2923 et
1409 2902 1680 2923 accioccneilconvento
1689 2908 1733 2923 non
1746 2902 1866 2923 incorrain
1877 2901 1994 2927 rnaggiore
2006 2901 2085 2922 debito
2096 2900 2117 2921 di

303 2947 426 2972 Augustini
444 2947 508 2967 Prior
523 2947 643 2968 Generalis
659 2947 774 2972 indignus:
1243 2948 1321 2973 quello
1336 2948 1372 2972 ha,
1385 2947 1450 2973 pero,
1462 2947 1605 2968 necessitato
1620 2947 1642 2967 di
1657 2946 1758 2967 vendere
1773 2951 1817 2967 una
1833 2948 1896 2967 certa
1911 2951 1965 2967 casa
1981 2947 2049 2971 posta
2061 2945 2118 2966 fuori

358 2991 550 3013 Perchenelfarsi
562 2991 621 3013 della
632 2992 671 3013 lite
683 2992 718 3012 del
728 2994 843 3013 convento
854 2994 936 3013 nostro
946 2992 968 3013 di
980 2991 1050 3013 Sama
1060 2992 1181 3017 Mustiola,
1237 2992 1258 3012 di
1276 2991 1346 3013 Pavia
1361 2992 1383 3012 in
1400 2997 1428 3012 un
1444 2992 1514 3017 luogo
1530 2991 1596 3012 detto
1621 2990 1691 3012 Porta
1713 2990 1836 3015 Albarella,
1860 2995 1900 3016 per
1922 2990 1935 3010 il
1958 2991 2038 3011 tenore
2059 2990 2118 3010 delle
