2305 3407
1917 216 1960 247 49

143 358 246 390 super
271 349 459 390 sepulchris
486 349 729 380 deffunctorum
758 358 865 389 usque
890 349 930 380 ad
959 349 1068 385 finem,
1094 348 1158 379 sub
1184 356 1281 379 cruce
1307 347 1395 378 illius
1422 348 1525 378 chori.
1552 348 1607 387 qui
1635 349 1693 379 crit
1713 349 1743 378 in
1770 349 1958 380 ebdomada

145 414 179 442 ut
204 419 318 452 supra.

233 473 309 504 ltem
335 473 426 514 quod
452 482 569 504 omncs
595 474 803 512 oblaciones,
829 483 894 514 que
920 474 996 504 fient
1023 482 1081 504 seu
1109 473 1177 504 fieri
1205 472 1402 512 contingerit
1430 472 1459 502 in
1480 472 1532 503 die
1553 472 1626 503 festi
1647 471 1759 504 Sancti
1780 472 1957 513 Augustini

141 537 197 566 aut
222 535 317 573 alias,
356 544 413 575 per
440 534 595 567 Studium
623 538 678 566 aut
705 545 763 576 per
801 534 1049 568 Comunitatem
1089 534 1201 575 Papie,
1229 537 1284 565 aut
1310 534 1376 565 alio
1404 535 1514 571 modo,
1557 535 1621 565 sint
1648 538 1677 566 et
1706 536 1891 575 pertineant
1917 537 1956 567 ad

143 597 238 637 ipsos
264 597 403 629 Fratres.

230 659 308 691 Item
334 660 424 700 quod
451 660 666 697 offertorium,
692 660 782 700 quod
811 661 843 691 til
871 661 901 691 in
930 661 1002 700 ipsa
1029 660 1172 691 eccle3ia
1199 660 1229 690 in
1257 660 1309 690 die
1335 659 1474 690 Veneris
1501 660 1617 697 sancti,
1646 660 1675 690 in
1703 660 1957 692 deosculatione

141 719 272 758 Crucis,
298 721 340 753 sit
365 722 515 761 ipsorum
542 721 702 758 Fratrum,
728 723 783 762 qui
811 725 986 753 teneantur
1010 722 1089 752 dare
1115 721 1237 753 ollivas
1256 720 1449 754 Canonicis.

228 782 306 814 Item
333 783 424 824 quod
451 784 477 814 si
505 784 705 824 contingerit
731 784 878 824 aliquam
905 792 1091 824 expensam
1118 784 1186 815 fieri
1214 785 1245 815 in
1272 784 1476 824 campanilli,
1503 787 1559 815 aut
1584 784 1695 815 circha
1722 784 1823 816 altare
1840 786 1957 823 maius,

138 847 195 877 aut
219 845 322 877 altare
349 845 441 877 Beati
470 846 649 887 Augustini
676 849 706 878 et
732 847 948 887 sepulchrum
975 847 1047 877 eius
1067 846 1217 884 inferius,
1243 848 1299 878 aut
1324 847 1435 878 circha
1454 847 1519 878 alia
1546 847 1619 878 loca
1645 848 1799 878 comunia
1827 848 1857 878 111
1885 848 1958 888 ipsa

137 907 280 939 ecclesia
306 908 358 939 vel
385 910 490 945 extra,
516 909 607 948 quod
636 909 830 940 huiusmodi
857 917 1008 949 expense
1035 909 1100 940 sint
1118 911 1148 940 et
1174 917 1250 940 esse
1276 909 1421 940 debeant
1447 918 1609 940 comunes
1627 912 1658 940 et
1676 910 1863 941 comuniter
1880 911 1958 941 fiant

136 971 168 1001 et
192 978 404 1010 quecumque
430 971 493 1002 alie
520 970 721 1009 oblationes,
748 980 812 1011 que
838 971 907 1002 fieri
935 971 1135 1011 contingerit
1161 980 1263 1011 super
1287 971 1388 1002 dictis
1413 971 1576 1003 altaribus
1602 972 1815 1010 comunibus,
1842 976 1957 1004 neutra

138 1032 288 1072 ipsarum
316 1033 460 1073 partium
488 1033 659 1065 nominata
686 1042 746 1065 nec
773 1034 977 1074 specificata,
994 1034 1059 1064 sint
1086 1035 1116 1064 et
1141 1042 1217 1064 esse
1235 1033 1380 1065 debeant
1399 1043 1561 1065 comunes
1580 1034 1754 1074 utriusque
1774 1035 1879 1075 partis
1897 1044 1957 1075 pro

137 1102 202 1125 una
228 1094 379 1129 dimidia,
406 1095 503 1126 salvo
535 1095 626 1135 quod
653 1096 679 1127 si
707 1095 804 1127 talles
830 1095 1029 1126 oblaciones
1055 1095 1168 1126 fierent
1186 1096 1227 1126 ad
1255 1098 1485 1127 ornamentum
1514 1097 1662 1136 ipsorum
1682 1097 1846 1135 altarium,
1865 1098 1957 1137 quod

137 1157 216 1187 tunc
241 1158 272 1187 et
297 1165 337 1187 eo
363 1165 443 1188 casu
471 1157 633 1198 quicquid
660 1157 768 1188 offerri
795 1157 995 1197 contingerit
1022 1166 1081 1197 pro
1107 1158 1313 1189 ornamentis
1340 1160 1373 1188 ut
1410 1166 1511 1198 supra
1550 1159 1712 1198 pertineat
1737 1161 1767 1189 et
1794 1160 1957 1199 pertinere

135 1217 257 1249 debeJt
282 1218 323 1249 ad
351 1219 446 1259 ipsos
474 1218 615 1257 Fratres,
641 1220 697 1259 qui
725 1228 841 1260 parare
867 1219 1012 1250 debeant
1039 1219 1112 1259 ipsa
1137 1219 1265 1257 altaria,
1292 1220 1450 1251 videlicet
1476 1220 1578 1251 altare
1594 1221 1702 1251 maius
1726 1223 1757 1252 et
1783 1220 1875 1252 Beati
1892 1221 1959 1252 Au-

133 1280 258 1320 gu'stini
287 1281 446 1320 predicta.
474 1279 573 1318 Quod
601 1282 628 1312 si
654 1282 854 1322 contingerit
880 1281 970 1312 tallia
1008 1284 1204 1313 ornamenta
1242 1282 1349 1313 offerri
1377 1285 1407 1313 et
1434 1282 1541 1313 traddi
1570 1283 1600 1313 111
1628 1283 1785 1313 manibus
1826 1283 1956 1323 prefac-

134 1344 241 1373 torum
282 1343 493 1374 dominorum
531 1342 795 1381 Canonicorum,
823 1353 882 1384 pro
920 1352 982 1375 usu
1022 1345 1170 1384 ipsorum
1208 1344 1361 1375 altarium
1403 1353 1440 1375 ac
1477 1345 1575 1376 etiam
1621 1345 1767 1385 sepulcri
1817 1345 1957 1377 inferius

131 1404 282 1444 predicti,
308 1405 399 1445 quod
428 1405 491 1445 ipsi
518 1404 683 1437 Canonici
710 1407 884 1437 teneantur
910 1407 984 1446 ipsa
1012 1406 1204 1437 huiusmodi
1232 1408 1426 1437 ornamenta
1452 1415 1623 1446 exponere
1649 1407 1689 1437 ad
1718 1416 1814 1438 usum
1842 1407 1958 1438 huius-

136 1467 246 1497 smodi
272 1467 426 1498 altarium
453 1470 483 1499 et
509 1469 653 1508 sepulcri
680 1470 711 1499 et
738 1478 802 1499 non
829 1468 985 1500 obstante
1012 1468 1103 1508 quod
1131 1469 1194 1508 ipsi
1223 1468 1353 1500 Fratres
1379 1469 1480 1500 solliti
1519 1470 1584 1500 sint
1611 1470 1640 1500 111
1668 1472 1772 1500 totum
1801 1471 1873 1510 ipsa
1911 1470 1958 1501 al-

138 1528 220 1559 taria
246 1537 365 1560 ornare
391 1531 422 1561 et
449 1538 577 1570 parare.

227 1590 305 1622 ltem
331 1592 422 1631 quod
450 1593 477 1623 si
504 1593 703 1633 contingerit
728 1593 798 1623 dari
825 1592 976 1632 alliquod
1003 1593 1161 1624 salarium
1196 1594 1293 1624 alicui
1332 1594 1503 1633 organiste
1530 1594 1620 1634 quod
1649 1596 1788 1634 utraque
1814 1603 1892 1634 pars
1911 1604 1957 1625 re-

137 1654 254 1684 neatur
278 1654 320 1685 ad
347 1654 549 1686 solutionem
577 1655 686 1695 ipsius
712 1655 836 1686 sallarii
864 1664 923 1695 pro
951 1664 1015 1686 una
1042 1656 1231 1687 medietate.

227 1723 305 1755 Item
332 1725 423 1765 quod
451 1734 511 1765 pro
538 1726 653 1757 maiori
680 1726 905 1757 declaratione
932 1728 963 1757 et
988 1727 1029 1757 ad
1057 1726 1224 1757 tollendas
1261 1735 1378 1757 omnes
1419 1726 1669 1767 ambiguitates,
1696 1736 1760 1767 que
1787 1727 1817 1757 111
1845 1729 1958 1767 poste—

138 1795 208 1817 rum
251 1787 328 1818 oriri
370 1790 511 1827 possent
551 1789 738 1819 occaxione
779 1790 1012 1820 contentorum
1040 1789 1070 1820 in
1098 1789 1215 1820 litteris
1241 1791 1272 1820 et
1298 1789 1399 1820 bullis
1425 1789 1624 1829 apostolicis
1662 1792 1726 1821 tam
1764 1789 1872 1821 felicis
1909 1799 1957 1821 re-

133 1848 340 1880 cordationis
366 1849 492 1880 domini
519 1850 644 1881 domini
673 1850 831 1882 lohannis
859 1850 949 1891 Fape
976 1852 1129 1892 vigesimi
1157 1852 1295 1882 secundi
1323 1861 1422 1891 quam
1464 1852 1589 1882 domini
1631 1852 1756 1883 domini
1792 1851 1954 1883 Bonifacii

139 1909 230 1951 Pape
256 1912 333 1942 noni
361 1912 472 1943 circha
499 1912 607 1953 legata
634 1916 664 1944 et
690 1913 814 1950 relicta,
831 1914 1067 1945 instituciones
1084 1922 1122 1944 ac
1141 1914 1215 1954 pias
1234 1914 1435 1954 largiciones
1455 1923 1697 1954 quascumque,
1717 1919 1954 1949 convenerunt,

134 1973 226 2011 quod
253 1973 307 2004 ubi
335 1974 402 2004 tieri
429 1975 628 2015 contingerit
654 1975 705 2006 vel
733 1975 894 2006 hactenus
920 1975 1006 2007 facta
1033 1985 1109 2007 esse
1137 1977 1344 2016 reperiantur
1369 1976 1494 2016 alliqua
1511 1977 1617 2017 legata
1646 1977 1695 2008 vel
1724 1977 1956 2008 instituciones

134 2043 193 2065 seu
220 2035 333 2066 relicta
359 2036 410 2067 vel
437 2037 645 2068 donaciones
671 2038 915 2077 quoquomodo
941 2047 1053 2069 amore
1079 2037 1152 2075 Dei,
1179 2039 1209 2069 111
1237 2039 1362 2078 quibus
1389 2039 1601 2070 nominentur
1628 2038 1721 2069 Prior
1747 2039 1797 2070 vel
1826 2039 1955 2070 Fratres

135 2098 327 2129 monasterii
354 2099 461 2129 sancti
489 2098 668 2139 Augustini
695 2099 810 2140 Papie,
837 2109 895 2131 seu
922 2100 1040 2131 fratres
1066 2103 1253 2132 conventus
1268 2101 1373 2132 sancti
1390 2100 1581 2141 Augustini,
1600 2110 1658 2132 seu
1679 2100 1796 2132 fratres
1813 2101 1954 2132 ecclesie

135 2160 241 2190 sancti
269 2159 460 2200 Augustini,
488 2169 545 2192 seu
573 2162 710 2201 capituli
738 2163 843 2193 sancti
872 2161 1051 2202 Augustini
1078 2166 1109 2194 et
1137 2172 1201 2193 non
1229 2163 1295 2193 sint
1322 2163 1352 2193 in
1380 2163 1446 2194 talli
1476 2163 1588 2194 relicto
1615 2163 1775 2193 nominati
1791 2161 1953 2194 Canonici

135 2221 185 2252 vel
213 2220 330 2253 Abbas
356 2222 496 2253 abbacie
523 2224 628 2254 sancti
656 2222 742 2254 Petri
771 2224 800 2254 111
828 2223 923 2255 Cielo
950 2233 1062 2261 aurem
1078 2225 1109 2255 id
1125 2227 1229 2256 totum
1245 2227 1373 2264 spectet
1389 2227 1419 2256 et
1438 2225 1601 2265 pertineat
1621 2225 1683 2264 ipsi
1705 2224 1808 2255 Priori
1828 2227 1858 2256 et
1878 2225 1954 2256 Fra-

136 2284 244 2315 tribus
271 2284 496 2316 Heremitanis
521 2288 552 2316 et
577 2292 691 2316 eriirum
707 2284 899 2318 Conventui
927 2295 986 2317 seu
1014 2287 1229 2321 monasterio,
1246 2287 1288 2317 ita
1305 2287 1395 2326 quod
1412 2287 1466 2317 ubi
1488 2296 1552 2317 non
1569 2287 1776 2326 reperiantur
1791 2287 1951 2318 nominati

135 2345 251 2377 Abbas
277 2349 308 2378 et
333 2345 496 2379 Canonici
525 2348 555 2378 in
582 2348 767 2388 alliquibus
783 2349 1013 2380 instrumentis
1028 2351 1083 2380 aut
1100 2349 1224 2380 relictis
1239 2348 1337 2380 factis
1351 2351 1407 2380 aut
1422 2349 1553 2386 fiendis,
1570 2349 1632 2389 ipsi
1649 2349 1774 2379 domini
1791 2347 1952 2380 Canonici

134 2409 214 2439 nihil
242 2411 355 2449 petant
382 2419 441 2441 nec
467 2410 509 2441 ad
537 2410 624 2441 littes
651 2411 835 2441 movebunt
862 2420 921 2442 nec
948 2420 1084 2442 movere
1110 2411 1304 2442 volentibus
1337 2414 1452 2442 contra
1485 2414 1686 2442 conventum
1707 2411 1856 2451 ipsorum
1877 2411 1954 2442 Fra-

134 2473 218 2501 trum
245 2472 465 2502 consentient.
493 2470 652 2503 Similiter
679 2473 733 2503 ubi
754 2473 963 2512 reperiantur
988 2474 1148 2504 nominati
1166 2474 1196 2503 in
1213 2473 1297 2512 ipss}
1313 2473 1543 2504 instrumentis
1558 2476 1613 2504 aut
1630 2473 1751 2504 relictis
1765 2476 1821 2504 aut
1836 2473 1952 2505 Abbas

134 2534 189 2563 aut
215 2531 377 2564 Canonici
405 2534 597 2565 monasterii
624 2537 679 2565 aut
706 2534 848 2566 ecclesie
875 2536 981 2566 sancti
1010 2534 1095 2566 Petri
1124 2536 1153 2566 111
1181 2533 1263 2567 Celo
1290 2544 1401 2572 aureo,
1428 2537 1483 2566 aut
1499 2535 1616 2566 fratres
1635 2536 1828 2566 monasterii
1847 2537 1950 2567 sancti

135 2593 233 2632 Petri,
259 2598 289 2626 et
316 2604 380 2626 non
409 2596 471 2636 ipsi
501 2595 594 2627 Prior
620 2599 676 2627 aut
703 2596 833 2628 Fratres
860 2600 893 2628 ut
919 2606 1032 2637 supra,
1061 2597 1091 2628 id
1119 2599 1222 2628 totum
1239 2600 1367 2637 spectet
1385 2600 1415 2628 et
1435 2598 1598 2638 pertineat
1618 2599 1702 2638 ipsis
1720 2598 1866 2629 dominis
1886 2597 1953 2629 Ab-

135 2656 202 2687 bati
228 2659 259 2688 et
284 2655 477 2695 Canonicis,
504 2660 534 2689 et
560 2658 624 2698 ipsi
653 2658 783 2689 Fratres
808 2661 922 2690 contra
949 2659 1043 2699 ipsos
1063 2658 1226 2690 Abbatem
1246 2662 1277 2690 et
1295 2657 1488 2690 Canonicos
1515 2659 1614 2691 nichil
1643 2659 1874 2699 postullabunt
1893 2670 1952 2692 nec

135 2719 237 2750 littem
265 2720 447 2751 movebunt
474 2723 506 2751 ut
533 2729 646 2760 supra.
667 2720 749 2752 Etsi
769 2722 969 2761 contingerit
995 2721 1159 2752 fieritallia
1186 2721 1304 2761 legata,
1332 2721 1541 2752 donaciones
1567 2724 1598 2753 et
1625 2722 1738 2753 relicta
1757 2722 1954 2762 simpliciter

133 2781 273 2812 ecclesie
299 2782 403 2814 sancti
431 2780 516 2813 Petri
545 2782 575 2813 in
602 2781 684 2814 Celo
726 2782 848 2820 Aure0,
885 2786 941 2814 aut
978 2783 1175 2823 simpliciter
1200 2783 1343 2815 ecclesie
1370 2784 1476 2815 sancti
1505 2783 1695 2824 Augustini,
1729 2793 1794 2815 non
1821 2785 1955 2824 specifi-

133 2843 218 2874 catis
243 2851 302 2874 uec
328 2844 503 2884 expressis
541 2843 672 2876 Abbate
709 2847 765 2876 aut
802 2844 986 2877 Canonicis
1012 2854 1072 2876 nec
1099 2844 1212 2876 Priore
1239 2854 1298 2876 nec
1326 2845 1498 2877 Fratribus
1525 2848 1557 2877 ut
1584 2854 1697 2886 supra,
1724 2846 1804 2877 illud
1831 2847 1873 2877 sit
1898 2855 1954 2877 co-

135 2913 233 2936 mune
259 2905 416 2937 videlicet
442 2906 592 2946 ipsorum
619 2905 868 2938 Canonicorum
897 2916 956 2948 pro
983 2916 1046 2938 una
1081 2907 1220 2938 dimidia
1246 2909 1277 2939 et
1303 2907 1466 2938 dictorum
1495 2907 1643 2939 Fratrum
1682 2917 1742 2948 pro
1779 2909 1891 2939 altera.
1919 2909 1951 2940 ln

134 2966 272 3006 reliquis
309 2975 388 2998 vero
425 2976 492 3007 quo
518 2967 560 2999 ad
588 2968 661 3008 ipsa
699 2969 807 3010 legata
833 2971 864 3000 et
890 2969 1015 3007 relicta,
1041 2978 1105 3010 que
1142 2969 1207 3000 alia
1240 2970 1362 3009 quavis
1400 2969 1578 3001 verborum
1604 2969 1710 3001 forma
1736 2970 1787 3001 vel
1814 2979 1954 3010 expres-

134 3027 230 3059 sione
255 3028 334 3060 fient
369 3029 422 3060 vel
459 3029 547 3062 facta
571 3039 648 3062 esse
675 3032 893 3072 reperiantur,
931 3034 1070 3072 utraque
1089 3040 1167 3072 pars
1185 3032 1228 3063 sit
1254 3031 1285 3062 111
1311 3031 1463 3063 terminis
1489 3031 1570 3063 iuris
1595 3034 1626 3063 et
1653 3031 1782 3063 iuribus
1808 3032 1880 3063 suis
1906 3032 1950 3063 uti

1934 3125 1946 3145 7
