2305 3407
893 418 1135 460 DCCXII.

203 538 490 568 Provvedimenti
517 538 573 566 del
599 537 704 566 Card.
732 537 1043 566 Commendatario
1068 545 1128 573 per
1143 536 1176 563 la
1190 535 1409 571 tranquillita
1425 534 1459 562 di
1479 535 1511 565 S,
1533 534 1651 561 Pietro
1668 534 1701 561 in
1717 533 1790 561 Ciel
1806 533 1839 561 d'
1852 541 1926 561 oro.

748 659 885 683 1509
896 674 909 687 ,
942 660 1146 690 agos-to
1157 673 1171 689 9
1204 658 1282 682 31.

713 756 789 780 (Areh,
806 757 841 777 del
858 756 980 777 Convento
995 756 1016 776 di
1033 756 1054 777 S,
1072 755 1185 781 Agostino
1201 755 1222 775 di
1240 754 1330 775 Palaia&

129 928 131 1011 ξ
192 942 291 1058 R
351 922 352 1015 ἒ
380 959 524 986 ΑΡΗΑΕι
550 955 765 986 miseratione
791 954 906 984 divina
933 953 1126 994 Episcopus
1144 953 1346 993 portuensis,
1366 953 1472 984 sancti
1492 951 1629 992 Georgii
1649 953 1763 983 sancte
1783 951 1931 984 Romane

129 1016 131 1113 ἱ
351 1032 353 1055 t
382 1018 542 1055 Ecclesie,
569 1016 772 1055 Cardinalis,
800 1017 1004 1048 sanctissimi
1032 1016 1159 1047 domini
1186 1015 1290 1046 nostri
1319 1014 1410 1055 Pape
1436 1014 1651 1051 camerarius,
1678 1015 1709 1045 et
1728 1014 1933 1045 venerabilis

136 1115 180 1117 m
351 1058 353 1107 i
381 1081 575 1112 monasterii
602 1081 708 1112 sancti
736 1080 824 1111 Petri
852 1081 882 1111 in
909 1078 992 1111 Celo
1017 1088 1119 1110 aureo
1146 1077 1333 1119 papiensis,
1359 1076 1498 1108 Ordinis
1524 1076 1631 1107 sancti
1652 1075 1841 1116 Augustini,
1862 1085 1935 1116 per-

115 1144 237 1182 petuus
262 1141 591 1178 commendatarius,
618 1143 787 1174 universis
813 1144 843 1173 et
869 1142 1013 1182 singulis
1046 1143 1220 1181 presentes
1257 1142 1392 1170 nostras
1429 1139 1555 1170 litteras
1597 1138 1799 1178 inspecturis
1836 1138 1934 1169 fidem

114 1203 259 1236 facimus
285 1206 316 1236 et
341 1205 384 1236 sit
411 1206 525 1236 notum
553 1205 656 1244 quod,
683 1213 748 1235 non
776 1205 848 1235 sine
874 1212 994 1244 magna
1021 1203 1247 1243 displicentia.
1286 1203 1349 1233 iam
1388 1201 1515 1241 pridem
1554 1201 1783 1232 intelleximus
1821 1201 1934 1241 vigere

115 1266 350 1298 dissensiones
375 1269 407 1298 et
432 1275 590 1298 rancores
616 1268 700 1298 inter
725 1265 920 1299 Canonieos
947 1265 1131 1307 Regulares
1157 1268 1187 1297 et
1214 1265 1346 1296 Fratres
1373 1264 1606 1295 Heremitanos
1624 1264 1777 1295 eiusdem
1797 1262 1936 1295 Ordinis

115 1329 146 1359 in
172 1328 263 1360 dicto
290 1329 494 1360 monasterio
520 1329 693 1369 degentes,
720 1329 951 1368 duximusque
977 1337 1091 1359 eorum
1110 1327 1342 1367 tranquillitati
1362 1335 1399 1357 ac
1419 1326 1589 1357 serenitati
1609 1326 1817 1357 conscientie
1836 1335 1936 1366 opor-

114 1393 192 1421 tune
217 1390 403 1422 consulere.
431 1390 646 1431 Quapropter
671 1390 744 1422 freti
771 1391 847 1428 fide,
874 1390 1039 1430 probitate
1065 1399 1103 1421 ac
1129 1390 1328 1420 dexteritate
1365 1388 1569 1419 venerabilis
1606 1388 1666 1418 viri
1705 1388 1831 1418 domini
1869 1387 1936 1419 An-

115 1453 220 1483 thonii
247 1452 331 1484 Ville
368 1453 409 1484 de
437 1453 535 1490 Luca,
560 1452 736 1484 familiaris
761 1455 791 1484 et
818 1452 987 1484 secretarii
1014 1452 1117 1483 nostri
1145 1451 1269 1489 dilecti,
1296 1451 1457 1481 mittimus
1484 1451 1593 1490 ipsum
1633 1449 1771 1490 Papiam
1805 1450 1847 1481 ad
1878 1450 1938 1481 hu-

116 1515 262 1546 iusmodi
289 1515 542 1546 dissensionum
569 1517 599 1546 et
625 1524 800 1546 raucorum
828 1514 975 1545 fomenta
1003 1514 1203 1552 sedandum,
1229 1513 1502 1553 componendum
1529 1521 1568 1543 ac
1595 1513 1731 1552 penitus
1766 1512 1938 1552 extirpan-

117 1577 207 1614 dum,
234 1586 274 1609 ne
300 1577 360 1608 viri
387 1577 548 1618 religiosi,
573 1586 591 1608 a
618 1578 743 1617 quibus
759 1578 843 1609 bene
858 1577 994 1608 vivendi
1011 1577 1183 1617 specimen
1199 1576 1285 1608 sumi
1301 1576 1413 1613 debet,
1428 1574 1553 1607 Christi
1569 1574 1728 1606 fidelibus
1743 1577 1937 1615 argumenta

116 1640 268 1671 scandali
294 1640 452 1678 tribuant,
480 1648 564 1671 neve
592 1649 653 1671 nos
679 1640 830 1671 assiduis
860 1640 1071 1680 querelarum
1098 1639 1304 1670 clamoribus
1331 1638 1508 1669 investent.
1537 1637 1855 1674 Et,utdesiderium
1875 1637 1937 1668 hoc

117 1704 267 1733 nostrum
293 1701 426 1734 facilius
452 1702 602 1734 debitum
629 1702 787 1734 sortiatur
812 1702 978 1739 effectum,
998 1710 1210 1739 revocamus,
1229 1700 1341 1741 quoad
1361 1700 1525 1741 premissa
1544 1702 1576 1731 et
1595 1699 1807 1740 infrascripta
1826 1700 1938 1731 omnia

117 1764 308 1806 peragenda
334 1765 580 1803 tantummodo,
605 1773 725 1796 omnes
750 1767 781 1796 et
807 1764 962 1805 singulos
987 1764 1073 1796 alios
1100 1766 1336 1805 procuratores
1362 1765 1508 1800 nostros,
1527 1771 1544 1794 a
1564 1762 1663 1793 nobis
1679 1762 1842 1793 hactenus
1856 1771 1941 1802 quo-

118 1826 304 1858 modolibet
329 1827 544 1865 constitutos,
570 1829 602 1859 et
627 1827 820 1867 specialiter
845 1828 876 1858 et
901 1835 1065 1867 expresse
1090 1827 1189 1857 etiam
1218 1825 1444 1857 venerabilem
1479 1825 1651 1855 dominum
1691 1823 1824 1855 Petrum
1862 1823 1942 1855 Bar-

119 1888 294 1925 tholinum,
319 1889 360 1920 de
387 1888 544 1928 Forlivio,
571 1891 722 1921 nostrum
749 1889 780 1920 in
806 1889 896 1920 dicto
923 1889 1130 1920 monasterio
1156 1890 1406 1928 procuratorem
1434 1889 1465 1919 et
1492 1887 1781 1924 locumtenentem,
1808 1886 1884 1924 illis,
1910 1888 1941 1917 et

119 1959 232 1981 eorum
259 1950 406 1989 cuilibet,
432 1960 550 1983 omnes
575 1950 768 1983 facultatem
794 1953 825 1982 et
851 1952 1053 1992 potestatem
1080 1959 1220 1991 prorsus
1246 1950 1429 1981 adimimus
1454 1951 1486 1980 et
1510 1948 1671 1986 tollimus,
1698 1949 1741 1979 ita
1765 1950 1798 1979 ut
1817 1949 1847 1979 in
1867 1957 1941 1988 pre-

121 2012 225 2044 missa
250 2015 281 2043 et
306 2013 395 2044 circa
421 2014 587 2054 premissa
613 2013 805 2044 nullatenus
831 2022 867 2044 se
895 2013 1044 2054 ingerere
1071 2013 1213 2053 possint.
1241 2011 1370 2043 Dantes
1395 2011 1503 2043 eidem
1524 2011 1662 2042 domino
1681 2010 1852 2042 Anthonio
1871 2019 1942 2041 om—

122 2074 291 2106 nimodam
318 2074 522 2113 facultatem,
549 2077 762 2116 potestatem,
790 2075 975 2113 arbitrium,
1002 2075 1086 2106 inter
1122 2074 1273 2115 prefatos
1310 2074 1490 2115 religiosos
1526 2073 1776 2114 componendi,
1813 2073 1942 2113 capitu—

122 2135 224 2174 landi,
249 2137 470 2178 transigendi,
496 2138 764 2178 compositiones
789 2146 926 2178 quoque
952 2139 982 2169 et
1008 2138 1252 2169 conventiones
1278 2145 1317 2168 ac
1344 2139 1441 2177 pacta
1460 2138 1491 2167 et
1509 2135 1657 2176 capitula
1684 2136 1767 2166 inter
1785 2144 1844 2166 eos
1871 2135 1941 2166 ine—

123 2198 212 2230 unda
237 2200 268 2230 et
293 2198 449 2230 facienda
474 2199 706 2236 confirmandi,
733 2199 958 2240 approbandi,
995 2199 1223 2240 amologandi,
1261 2198 1458 2235 ratificandi,
1485 2206 1613 2229 necnon
1639 2199 1671 2228 et
1697 2197 1941 2235 inobedientes,

122 2262 341 2292 contumaces
367 2263 398 2292 et
425 2261 567 2293 rebelles
592 2261 890 2299 excomunicandi,
915 2262 1112 2302 agravandi,
1139 2261 1383 2301 reagravandi,
1422 2260 1662 2297 interdicendi,
1699 2261 1730 2290 et
1767 2259 1942 2290 brachium

124 2322 285 2360 seculare,
311 2323 339 2354 si
366 2323 475 2354 visum
502 2325 533 2355 et
558 2332 645 2364 opus
671 2323 781 2361 fuerit,
808 2324 999 2361 invocandi,
1025 2332 1063 2354 ac
1088 2323 1186 2354 etiam
1213 2323 1323 2354 dictos
1348 2320 1544 2354 Canonicos
1571 2320 1754 2362 Regulares
1791 2319 1944 2362 Congre-

123 2385 273 2425 gationis
297 2384 534 2417 Lateranensis
561 2387 786 2426 nuncupatos,
813 2386 844 2416 in
871 2386 960 2417 dicto
987 2385 1191 2416 monasterio
1218 2393 1305 2416 nunc
1324 2384 1521 2421 existentes,
1539 2383 1582 2414 ab
1600 2383 1718 2414 eodem
1738 2384 1942 2414 monasterio

123 2448 156 2478 et
181 2446 271 2479 illius
295 2447 453 2485 claustro,
479 2448 650 2485 domibus,
676 2447 824 2480 officinis
849 2450 881 2479 et
905 2448 1073 2479 clausuris
1100 2447 1306 2485 removendi,
1332 2447 1488 2478 eiiciendi
1513 2448 1544 2477 et
1570 2446 1704 2486 penitus
1737 2446 1943 2488 expellendi,

125 2517 163 2541 ac
190 2509 264 2541 loco
291 2509 421 2541 illorum
448 2508 644 2542 canonicos
671 2509 854 2551 Regulares
879 2510 1024 2542 ecclesie
1049 2510 1243 2541 monasterii
1263 2518 1321 2540 seu
1341 2509 1464 2540 domus
1482 2509 1590 2540 sancti
1610 2508 1763 2540 Frediani
1784 2508 1942 2546 lucensis,

126 2571 205 2603 dicti
231 2570 381 2610 Ordinis,
408 2573 440 2603 in
466 2572 555 2604 dicto
582 2573 798 2610 monasterio,
825 2572 989 2610 claustro,
1014 2572 1185 2609 domibus,
1222 2571 1512 2609 habitationibus,
1549 2570 1696 2603 officinis
1721 2573 1752 2602 et
1777 2571 1944 2603 clausuris

128 2633 321 2664 huiusmodi
348 2634 541 2672 inducendi,
583 2634 730 2675 ponendi
756 2643 795 2666 ac
822 2635 853 2665 in
884 2634 1140 2674 possessionem
1170 2634 1344 2674 pacificam
1383 2633 1568 2665 immitendi
1595 2635 1626 2665 et
1651 2633 1875 2665 conservandi
1913 2636 1944 2665 et

125 2695 319 2726 conservari
356 2695 513 2734 faciendi,
550 2705 625 2727 cum
663 2696 783 2736 pactis,
810 2696 931 2734 modis,
964 2690 1250 2727 conventionibus
1288 2696 1371 2727 inter
1396 2704 1458 2727 nos
1495 2698 1526 2727 et
1564 2695 1713 2736 prefatos
1749 2693 1946 2728 Canonicos

129 2757 234 2788 sancti
262 2756 427 2796 Frediani,
453 2767 513 2799 per
538 2759 649 2799 ipsum
675 2759 849 2790 dominum
876 2758 1094 2796 Anthonium,
1121 2759 1236 2790 nostro
1263 2758 1409 2796 nomine,
1451 2758 1630 2795 ineundis,
1667 2757 1832 2789 faciendis
1857 2760 1888 2789 et
1913 2758 1945 2789 in

130 2819 278 2859 capitula
303 2827 362 2851 seu
390 2820 525 2860 publica
551 2821 772 2852 instrumenta
813 2820 1029 2861 redigendis,
1065 2822 1244 2860 ceteraque
1280 2821 1392 2851 omnia
1417 2820 1482 2851 alia
1507 2822 1538 2851 et
1563 2820 1697 2861 singula
1724 2829 1789 2860 que
1815 2820 1845 2851 in
1873 2829 1947 2860 pre-

132 2881 246 2913 missis
271 2883 302 2913 et
326 2882 413 2914 circa
439 2883 604 2923 premissa
630 2884 661 2914 et
686 2883 863 2923 quodlibet
889 2883 1129 2923 premissorum
1155 2882 1263 2914 eidem
1304 2882 1442 2913 domino
1479 2881 1651 2913 Anthonio
1687 2882 1877 2913 necessaria
1914 2884 1945 2913 et

131 2945 298 2983 oportuna
324 2944 398 2976 visa
423 2943 556 2983 fuerint,
571 2945 705 2976 dicendi
721 2944 878 2983 faciendi,
897 2945 1035 2986 gerendi
1053 2954 1092 2977 ac
1111 2945 1304 2976 executioni
1324 2944 1561 2977 demandandi,
1581 2945 1679 2975 etiam
1699 2944 1726 2975 si
1742 2944 1819 2975 talia
1838 2943 1947 2976 forent

133 3012 198 3044 que
224 3005 416 3037 mandatum
442 3006 616 3047 exigerent
642 3007 750 3048 magis
775 3007 924 3048 speciale
949 3015 1050 3048 quam
1077 3007 1293 3048 presentibus
1319 3007 1361 3038 sit
1386 3014 1599 3046 expressum.
1625 3005 1777 3037 Habituri
1818 3008 1946 3044 ratum,

133 3068 262 3107 gratum
289 3068 320 3098 et
344 3067 473 3099 firmum
500 3068 662 3108 quicquid
689 3077 746 3109 per
772 3068 936 3110 prefatum
963 3070 1136 3100 dominum
1156 3068 1362 3100 Anthonium
1382 3069 1413 3100 in
1432 3069 1610 3109 premissis
1628 3070 1659 3100 et
1676 3069 1763 3100 circa
1782 3069 1947 3109 premissa

1927 3136 1941 3157 8
