2305 3407
290 109 357 140 282

287 246 386 274 tatem
415 252 474 283 pro
500 251 566 283 qua
592 243 793 283 supplicasti
820 242 931 274 adhuc
957 243 988 274 in
1007 245 1037 274 te
1056 243 1236 283 persistere
1254 245 1284 274 et
1303 243 1369 274 imo
1387 245 1554 274 auctam...
1573 243 1830 279 sententiamus,
1849 242 2062 275 decernimus
2079 245 2111 275 et

287 305 500 336 declaramus
515 314 557 345 qu
575 305 605 336 vd
621 305 720 337 dictis
739 305 989 345 infirmitatibus
1008 305 1221 341 durantibus,
1239 307 1333 336 extra
1352 305 1477 336 dictum
1496 313 1627 336 monas.
1640 305 1736 336 trium
1763 305 1870 336 sancti
1897 304 2110 345 Augustini...

284 368 406 407 degere
431 370 461 398 et
482 368 612 404 inflari,
640 368 778 399 missam
805 367 986 404 celebrare,
1011 375 1124 398 curam
1151 367 1337 398 animarum
1364 375 1533 404 exercere,
1559 366 1790 398 ecclesiastica
1817 370 2026 399 sacramenta
2053 367 2112 399 mi-

287 430 427 460 nistrare
454 433 484 460 et
510 430 574 460 alia
601 430 641 460 de
667 430 792 470 quibus
819 430 849 460 in
877 430 978 461 dictis
1005 430 1123 461 litteris
1150 438 1242 460 sacre
1270 427 1506 460 penitentiarie
1532 428 1640 460 facere
1667 438 1780 469 posse,
1807 429 1924 461 litteris
1950 432 1980 461 et
2008 429 2110 461 bullis

285 491 393 522 felicis
413 492 655 523 recordationis
683 490 776 523 Pauli
804 490 921 529 Quarti
941 494 972 523 et
991 492 1080 523 alliis
1107 500 1171 532 que
1192 491 1342 532 prefatus
1358 489 1416 523 SS.
1434 489 1600 523 Dominus
1620 494 1734 523 noster
1749 490 1830 523 Pius
1850 490 1943 532 Papa
1962 490 2112 529 Quartus

289 555 319 585 in
340 554 457 585 litteris
485 553 622 594 pretatis
650 554 754 585 voluit
781 563 845 585 non
873 554 1019 591 obstare,
1047 563 1111 585 non
1138 553 1366 585 obstantibus.

376 615 497 647 D.it=.in
526 615 640 656 Papie,
667 617 697 646 izi
725 616 911 656 episcopali
933 616 1091 656 palatio..
1118 616 1182 647 sub
1200 624 1289 647 anno
1316 615 1513 647 Nativitatis
1539 615 1714 647 Dominice
1742 615 1926 647 Millesimo
1945 616 2113 656 quingen-

288 679 407 709 tesimo
433 679 661 718 sexagesimo,
689 678 870 709 indictione
898 679 1001 714 tertia,
1021 678 1073 709 die
1100 687 1179 709 vero
1205 678 1349 715 sabbati,
1369 679 1514 718 septimo
1541 678 1754 719 septembris,
1782 678 1861 710 liora
1889 686 2108 718 vesperarum

292 740 344 771 vel
370 741 466 771 circa.
495 739 726 776 Preseiitilms,
752 743 814 771 ete.
841 740 996 771 testibus.

1022 940 1398 980 CMLXXVII.

378 1049 405 1076 Il
432 1049 593 1084 Capitolo
620 1049 653 1076 d':
679 1049 714 1077 S.
743 1049 914 1084 Agostina
934 1049 1116 1078 autorizza
1142 1050 1231 1078 frate
1258 1049 1450 1078 Gerolamo
1476 1049 1705 1078 Alzalendina
1731 1050 1773 1078 da
1792 1050 1936 1078 Novata
1963 1058 1982 1077 a
2001 1050 2115 1079 riven-

294 1111 414 1139 dicare
441 1111 450 1138 i
478 1111 556 1139 beni
582 1111 729 1147 paterni.

897 1234 1051 1265 1560,
1072 1235 1412 1265 sette111b1-e,
1432 1234 1506 1259 17.

802 1323 879 1345 (Areli.
897 1323 976 1343 Nutar.
994 1323 1015 1343 di
1033 1323 1102 1344 Pavin
1114 1323 1195 1344 —Atti
1212 1323 1233 1343 di
1250 1323 1307 1344 Gian
1324 1323 1452 1344 Domenico
1468 1323 1605 1344 Tibolderim

361 1481 483 1596 N
542 1500 583 1525 EL
608 1497 766 1526 convento
799 1494 834 1526 ali·
858 1494 890 1527 S.
921 1494 1094 1534 Agostitzo,
1121 1494 1267 1525 adunato
1301 1494 1324 1526 il
1357 1493 1520 1535 ΟαρίΙοΙο,
1547 1495 1588 1527 de
1621 1495 1813 1526 mandato..
1849 1495 2023 1526 reverendi
2050 1503 2118 1526 ina-

560 1558 653 1598 gistri
690 1557 882 1589 Nlicliaellis
916 1558 957 1588 de
984 1556 1151 1589 Sacillo....
1180 1556 1316 1594 prioris,
1342 1558 1373 1588 in
1410 1558 1464 1588 cui
1491 1566 1589 1588 erano
1623 1566 1683 1589 con
1716 1557 1762 1588 lui
1787 1558 1945 1597 magister
1979 1556 2117 1588 Fulvius

561 1630 680 1661 regens
707 1621 747 1652 de
776 1620 892 1651 Monte
920 1620 1055 1651 Fortino
1086 1620 1230 1651 ducatus
1257 1620 1418 1657 Marchie,
1436 1619 1537 1651 frater
1554 1619 1713 1660 Orpheus
1739 1620 1779 1651 de
1806 1619 1922 1660 Papia,
1948 1619 2049 1651 frater
2075 1618 2117 1650 lo.

293 1683 459 1715 Antonius
485 1684 525 1715 de
553 1683 669 1724 Papia,
696 1683 797 1714 frater
822 1682 983 1713 Nicotaus
1010 1683 1050 1713 de
1078 1682 1194 1722 Papia,
1214 1682 1315 1714 frater
1333 1682 1460 1713 Paulus
1480 1683 1701 1723 pisaurensis,
1720 1682 1821 1713 frater
1847 1681 2058 1722 Alpliunsius
2077 1682 2118 1713 de

293 1746 432 1783 Bucino,
459 1745 558 1777 frater
586 1745 748 1776 Marelius
775 1745 815 1776 dc
843 1744 959 1785 Papia,
986 1744 1086 1775 frater
1114 1744 1262 1785 Raphael
1291 1745 1331 1776 de
1366 1745 1482 1775 Monte
1509 1745 1614 1776 sancti
1652 1743 1780 1780 Semini,
1806 1744 1905 1775 frater
1934 1743 2121 1784 Gregorius

292 1808 333 1839 de
361 1807 492 1845 Riinini,
519 1807 619 1839 trater
645 1808 686 1838 lo.
716 1807 928 1847 Augustinus
954 1807 994 1838 de
1029 1805 1164 1844 Cisena,
1191 1807 1290 1838 frater
1316 1805 1556 1847 Sigisinondus
1581 1807 1622 1837 de
1650 1806 1765 1846 Papia,
1791 1805 1892 1837 frater
1910 1805 2121 1847 Augustinus

296 1870 545 1909 neapolitanus,
563 1869 665 1901 frater
687 1869 832 1900 Michael
860 1868 1012 1909 Angelus
1031 1869 1071 1900 (le
1098 1868 1213 1909 Papia,
1241 1868 1341 1899 frater
1366 1868 1527 1900 Marelius
1554 1869 1730 1905 utinensis,
1757 1868 1856 1900 frater
1882 1868 2060 1899 Leonellus
2078 1868 2120 1899 de

294 1931 422 1969 Padua,
448 1932 548 1963 frater
575 1932 769 1963 Ludovicus
796 1932 836 1963 de
855 1931 1037 1969 Placentia,
1059 1931 1118 1972 pit‘t
1144 1931 1178 1962 di
1201 1931 1263 1962 due
1281 1932 1362 1962 terzi
1385 1931 1438 1962 del
1461 1931 1615 1971 capitolo,
1641 1931 1802 1971 eleggono
1821 1931 1889 1962 loro
1910 1933 2120 1971 procuratore

294 1994 427 2025 fratrem
467 1994 698 2025 Hieronimum
727 1994 768 2026 de
796 1993 1027 2025 Alzalendinis
1053 1994 1157 2024 filium
1184 1994 1356 2034 quondam
1382 1994 1544 2025 causidici
1582 1995 1796 2025 novariensis
1821 1994 1948 2025 domini
1980 1993 2121 2025 Bernar-

293 2056 374 2093 dini‚
394 2058 582 2096 presentem
599 2058 630 2088 et
649 2065 736 2087 onus
762 2056 931 2096 presentis
958 2056 1104 2087 mandati
1125 2056 1156 2087 in
1176 2064 1211 2087 se
1229 2058 1544 2097 acceptantern‚per
1558 2057 1650 2096 ogire
1674 2056 1811 2088 dirmnzi
1827 2056 1862 2087 al
1879 2054 2018 2088 Gt'udice
2037 2054 2122 2088 Con-

292 2120 456 2150 servatore
481 2118 516 2150 di
540 2119 676 2150 Novam
702 2120 812 2150 contro
838 2119 849 2149 i
874 2119 1020 2150 consorti
1043 2118 1265 2150 Alzalendt'na
1279 2127 1333 2159 pet
1361 2118 1385 2150 il
1400 2119 1669 2157 conseguimento
1694 2118 1782 2149 della
1807 2120 1968 2150 sostanza
1981 2119 2121 2158 paterna

296 2189 311 2212 e
335 2183 482 2212 materna
507 2183 670 2221 spettcmte
696 2189 716 2212 a
748 2180 836 2212 detto
854 2180 944 2221 frate
972 2179 1159 2213 Gerolamo.
1186 2180 1285 2212 Delia
1310 2180 1408 2221 quale
1440 2182 1600 2212 sostcmza
1625 2189 1699 2212 esso
1728 2180 1824 2221 potrc'z
1849 2181 1982 2212 ritenere
2002 2188 2064 2221 per
2084 2188 2120 2212 se

295 2244 397 2274 trenta
422 2242 526 2280 scudi,
553 2242 576 2274 il
600 2245 686 2274 resto
711 2242 743 2274 lo
769 2242 871 2274 dovrc'z
896 2242 1019 2274 donare
1044 2242 1078 2274 ιιΙ
1102 2244 1270 2281 convento,
1296 2242 1463 2274 ritenendo
1485 2242 1564 2283 pero
1589 2243 1621 2274 in
1645 2251 1681 2274 se
1705 2241 1892 2283 I'usufrutto
1917 2239 1978 2282 (1).

351 2399 377 2422 (l.
395 2398 463 2420 Unita
478 2399 500 2419 al
515 2398 656 2420 documento
671 2399 683 2420 e
699 2404 744 2420 una
759 2399 843 2420 lettera
857 2398 894 2420 del
907 2398 986 2421 Priore
997 2398 1110 2421 Generale
1121 2399 1180 2420 frate
1234 2399 1256 2420 al
1273 2398 1351 2420 Priore
1367 2399 1389 2420 di
1405 2398 1427 2420 S.
1444 2399 1560 2425 Agostino
1575 2399 1594 2420 si
1609 2398 1712 2420 concede
1727 2398 1748 2420 la
1763 2398 1895 2420 necessaria
1917 2398 2005 2420 licei-iza
2020 2398 2043 2420 di
2065 2404 2118 2425 pro-

299 2442 430 2465 Cristotoro
445 2443 474 2464 da
490 2442 593 2469 Padova,
610 2443 631 2464 in
647 2443 702 2464 data
713 2443 735 2464 di
752 2443 832 2469 Roma,
848 2443 861 2465 8
872 2443 997 2469 dicembre.
1016 2443 1074 2470 1559,
1089 2449 1133 2465 con
1144 2444 1180 2465 cui
1236 2443 1320 2464 cedere
1335 2448 1348 2464 a
1363 2443 1410 2464 tale
1424 2444 1476 2464 atto
1491 2442 1514 2464 di
1530 2443 1725 2464 rivendicazione.
