<?xml version="1.0" encoding="UTF-8"?>
<!DOCTYPE html PUBLIC "-//W3C//DTD XHTML 1.0 Transitional//EN"
    "http://www.w3.org/TR/xhtml1/DTD/xhtml1-transitional.dtd">
<html xmlns="http://www.w3.org/1999/xhtml" xml:lang="en" lang="en">
 <head>
  <title>
</title>
<meta http-equiv="Content-Type" content="text/html;charset=utf-8" />
  <meta name='ocr-system' content='tesseract 3.04.00' />
  <meta name='ocr-capabilities' content='ocr_page ocr_carea ocr_par ocr_line ocrx_word'/>
</head>
<body>
  <div class='ocr_page' id='page_1' title='image "./codexdiplomaticu03maiouoft_0196.png"; bbox 0 0 2305 3407; ppageno 0'>
   <div class='ocr_carea' id='block_1_1' title="bbox 255 199 315 230">
    <p class='ocr_par' dir='ltr' id='par_1_1' title="bbox 255 199 315 230">
     <span class='ocr_line' id='line_1_1' title="bbox 255 199 315 230; baseline 0 0"><span class='ocrx_word' id='word_1_1' title='bbox 255 199 315 230; x_wconf 86' lang='lat'>132</span> 
     </span>
    </p>
   </div>
   <div class='ocr_carea' id='block_1_2' title="bbox 248 332 2075 1370">
    <p class='ocr_par' dir='ltr' id='par_1_2' title="bbox 248 332 2075 1370">
     <span class='ocr_line' id='line_1_2' title="bbox 250 332 2070 377; baseline 0.002 -13"><span class='ocrx_word' id='word_1_2' title='bbox 250 333 308 364; x_wconf 75' lang='lat' dir='ltr'>dal</span> <span class='ocrx_word' id='word_1_3' title='bbox 332 333 450 364; x_wconf 77' lang='lat' dir='ltr'>Lonuti</span> <span class='ocrx_word' id='word_1_4' title='bbox 472 333 526 364; x_wconf 83' lang='lat' dir='ltr'>nel</span> <span class='ocrx_word' id='word_1_5' title='bbox 549 333 648 372; x_wconf 69' lang='lat' dir='ltr'>luogo</span> <span class='ocrx_word' id='word_1_6' title='bbox 675 333 708 364; x_wconf 78' lang='lat' dir='ltr'>di</span> <span class='ocrx_word' id='word_1_7' title='bbox 734 332 1005 365; x_wconf 74' lang='lat' dir='ltr'>Culamandrana</span> <span class='ocrx_word' id='word_1_8' title='bbox 1041 333 1095 364; x_wconf 81' lang='lat' dir='ltr'>nel</span> <span class='ocrx_word' id='word_1_9' title='bbox 1130 333 1357 374; x_wconf 76' lang='lat' dir='ltr'>Monserrat0,·</span> <span class='ocrx_word' id='word_1_10' title='bbox 1382 343 1398 366; x_wconf 84' lang='lat' dir='ltr'>e</span> <span class='ocrx_word' id='word_1_11' title='bbox 1423 335 1586 366; x_wconf 80' lang='lat' dir='ltr'>ricordoto</span> <span class='ocrx_word' id='word_1_12' title='bbox 1623 335 1681 367; x_wconf 77' lang='lat' dir='ltr'>che</span> <span class='ocrx_word' id='word_1_13' title='bbox 1713 335 1766 367; x_wconf 82' lang='lat' dir='ltr'>nel</span> <span class='ocrx_word' id='word_1_14' title='bbox 1782 335 1963 377; x_wconf 81' lang='lat' dir='ltr'>srattempo</span> <span class='ocrx_word' id='word_1_15' title='bbox 1988 337 2070 368; x_wconf 83' lang='lat' dir='ltr'>mori</span> 
     </span>
     <span class='ocr_line' id='line_1_3' title="bbox 250 394 2071 439; baseline 0.002 -13"><span class='ocrx_word' id='word_1_16' title='bbox 250 395 337 426; x_wconf 80' lang='lat' dir='ltr'>detto</span> <span class='ocrx_word' id='word_1_17' title='bbox 356 394 446 435; x_wconf 72' lang='lat' dir='ltr'>frate</span> <span class='ocrx_word' id='word_1_18' title='bbox 473 394 632 433; x_wconf 63' lang='lat' dir='ltr'>Gregorii)</span> <span class='ocrx_word' id='word_1_19' title='bbox 657 395 700 426; x_wconf 79' lang='lat' dir='ltr'>da</span> <span class='ocrx_word' id='word_1_20' title='bbox 726 394 844 431; x_wconf 77' lang='grc' dir='ltr'><em>Ρανία,</em></span> <span class='ocrx_word' id='word_1_21' title='bbox 870 395 928 425; x_wconf 74' lang='lat' dir='ltr'>che</span> <span class='ocrx_word' id='word_1_22' title='bbox 949 395 1056 434; x_wconf 76' lang='lat' dir='ltr'>prima</span> <span class='ocrx_word' id='word_1_23' title='bbox 1093 395 1181 426; x_wconf 82' lang='lat' dir='ltr'>della</span> <span class='ocrx_word' id='word_1_24' title='bbox 1217 404 1279 427; x_wconf 83' lang='lat' dir='ltr'>sim</span> <span class='ocrx_word' id='word_1_25' title='bbox 1311 399 1412 428; x_wconf 84' lang='lat' dir='ltr'>morte</span> <span class='ocrx_word' id='word_1_26' title='bbox 1437 397 1584 429; x_wconf 69' lang='lat' dir='ltr'>diemaro</span> <span class='ocrx_word' id='word_1_27' title='bbox 1610 398 1667 429; x_wconf 80' lang='lat' dir='ltr'>che</span> <span class='ocrx_word' id='word_1_28' title='bbox 1692 397 1774 429; x_wconf 74' lang='lat' dir='ltr'>detti</span> <span class='ocrx_word' id='word_1_29' title='bbox 1797 398 1913 430; x_wconf 78' lang='lat' dir='ltr'><em>denari</em></span> <span class='ocrx_word' id='word_1_30' title='bbox 1931 399 2071 439; x_wconf 77' lang='lat' dir='ltr'>prestati</span> 
     </span>
     <span class='ocr_line' id='line_1_4' title="bbox 251 456 2069 498; baseline 0.002 -10"><span class='ocrx_word' id='word_1_31' title='bbox 251 457 284 488; x_wconf 82' lang='lat' dir='ltr'>ul</span> <span class='ocrx_word' id='word_1_32' title='bbox 309 457 427 488; x_wconf 81' lang='lat' dir='ltr'>Lormti</span> <span class='ocrx_word' id='word_1_33' title='bbox 450 466 549 488; x_wconf 75' lang='lat' dir='ltr'>erano</span> <span class='ocrx_word' id='word_1_34' title='bbox 586 458 620 488; x_wconf 78' lang='lat' dir='ltr'>cl&#39;l&#39;</span> <span class='ocrx_word' id='word_1_35' title='bbox 655 466 696 488; x_wconf 83' lang='lat' dir='ltr'>im</span> <span class='ocrx_word' id='word_1_36' title='bbox 733 457 780 488; x_wconf 71' lang='lat' dir='ltr'>tul</span> <span class='ocrx_word' id='word_1_37' title='bbox 817 456 978 489; x_wconf 82' lang='lat' dir='ltr'>Giacomo</span> <span class='ocrx_word' id='word_1_38' title='bbox 1005 456 1100 488; x_wconf 77' lang='lat' dir='ltr'>Burri</span> <span class='ocrx_word' id='word_1_39' title='bbox 1124 457 1165 489; x_wconf 86' lang='lat' dir='ltr'>de</span> <span class='ocrx_word' id='word_1_40' title='bbox 1193 458 1266 489; x_wconf 90' lang='lat' dir='ltr'>loco</span> <span class='ocrx_word' id='word_1_41' title='bbox 1293 457 1415 498; x_wconf 78' lang='lat' dir='ltr'>Apiani</span> <span class='ocrx_word' id='word_1_42' title='bbox 1442 459 1483 490; x_wconf 92' lang='lat' dir='ltr'>de</span> <span class='ocrx_word' id='word_1_43' title='bbox 1509 457 1792 497; x_wconf 72' lang='lat' dir='ltr'>Calainandrana,</span> <span class='ocrx_word' id='word_1_44' title='bbox 1826 460 2069 492; x_wconf 89' lang='lat' dir='ltr'>iurisdictionis</span> 
     </span>
     <span class='ocr_line' id='line_1_5' title="bbox 250 518 2068 562; baseline 0.002 -12"><span class='ocrx_word' id='word_1_45' title='bbox 250 523 333 551; x_wconf 83' lang='lat' dir='ltr'>terre</span> <span class='ocrx_word' id='word_1_46' title='bbox 375 519 462 550; x_wconf 77' lang='lat' dir='ltr'>Nitie</span> <span class='ocrx_word' id='word_1_47' title='bbox 505 519 759 555; x_wconf 79' lang='lat' dir='ltr'>Montisterrati,</span> <span class='ocrx_word' id='word_1_48' title='bbox 785 519 809 550; x_wconf 83' lang='lat' dir='ltr'>il</span> <span class='ocrx_word' id='word_1_49' title='bbox 835 518 987 559; x_wconf 74' lang='lat' dir='ltr'>capitolo</span> <span class='ocrx_word' id='word_1_50' title='bbox 1013 519 1047 549; x_wconf 78' lang='lat' dir='ltr'>di</span> <span class='ocrx_word' id='word_1_51' title='bbox 1071 518 1103 551; x_wconf 82' lang='grc'>3,</span> <span class='ocrx_word' id='word_1_52' title='bbox 1130 519 1303 558; x_wconf 66' lang='lat' dir='ltr'>Agostrho,</span> <span class='ocrx_word' id='word_1_53' title='bbox 1329 520 1491 552; x_wconf 73' lang='lat' dir='ltr'>radunato</span> <span class='ocrx_word' id='word_1_54' title='bbox 1523 530 1585 562; x_wconf 82' lang='lat' dir='ltr'>per</span> <span class='ocrx_word' id='word_1_55' title='bbox 1622 522 1734 553; x_wconf 70' lang='lat' dir='ltr'>ordine</span> <span class='ocrx_word' id='word_1_56' title='bbox 1759 521 1812 553; x_wconf 81' lang='lat' dir='ltr'>del</span> <span class='ocrx_word' id='word_1_57' title='bbox 1836 523 2009 554; x_wconf 86' lang='lat' dir='ltr'>reverendi</span> <span class='ocrx_word' id='word_1_58' title='bbox 2037 523 2068 553; x_wconf 89' lang='lat' dir='ltr'>in</span> 
     </span>
     <span class='ocr_line' id='line_1_6' title="bbox 251 581 2072 624; baseline 0.001 -11"><span class='ocrx_word' id='word_1_59' title='bbox 251 581 387 614; x_wconf 82' lang='lat' dir='ltr'>Christo</span> <span class='ocrx_word' id='word_1_60' title='bbox 414 582 517 622; x_wconf 66' lang='lat' dir='ltr'>patris</span> <span class='ocrx_word' id='word_1_61' title='bbox 543 585 573 612; x_wconf 78' lang='lat' dir='ltr'>et</span> <span class='ocrx_word' id='word_1_62' title='bbox 600 590 694 612; x_wconf 85' lang='lat' dir='ltr'>sacre</span> <span class='ocrx_word' id='word_1_63' title='bbox 736 581 905 621; x_wconf 79' lang='lat' dir='ltr'><strong>theologie</strong></span> <span class='ocrx_word' id='word_1_64' title='bbox 947 581 1151 621; x_wconf 79' lang='lat' dir='ltr'>professoris</span> <span class='ocrx_word' id='word_1_65' title='bbox 1192 582 1318 613; x_wconf 84' lang='lat' dir='ltr'>domini</span> <span class='ocrx_word' id='word_1_66' title='bbox 1347 583 1494 623; x_wconf 82' lang='lat' dir='ltr'>magistri</span> <span class='ocrx_word' id='word_1_67' title='bbox 1522 582 1694 615; x_wconf 82' lang='lat' dir='ltr'>Gabrielis</span> <span class='ocrx_word' id='word_1_68' title='bbox 1720 584 1760 615; x_wconf 91' lang='lat' dir='ltr'>de</span> <span class='ocrx_word' id='word_1_69' title='bbox 1787 583 1904 624; x_wconf 83' lang='lat' dir='ltr'>Papia,</span> <span class='ocrx_word' id='word_1_70' title='bbox 1931 583 2072 616; x_wconf 81' lang='lat' dir='ltr'>Provin-</span> 
     </span>
     <span class='ocr_line' id='line_1_7' title="bbox 251 642 2072 686; baseline 0.001 -11"><span class='ocrx_word' id='word_1_71' title='bbox 251 645 339 675; x_wconf 81' lang='lat' dir='ltr'>tialis</span> <span class='ocrx_word' id='word_1_72' title='bbox 366 645 442 675; x_wconf 73' lang='lat' dir='ltr'>dicti</span> <span class='ocrx_word' id='word_1_73' title='bbox 470 643 608 675; x_wconf 75' lang='lat' dir='ltr'>Ordinis</span> <span class='ocrx_word' id='word_1_74' title='bbox 634 653 670 675; x_wconf 83' lang='lat' dir='ltr'>ac</span> <span class='ocrx_word' id='word_1_75' title='bbox 698 644 871 675; x_wconf 82' lang='lat' dir='ltr'>reverendi</span> <span class='ocrx_word' id='word_1_76' title='bbox 900 644 930 674; x_wconf 89' lang='lat' dir='ltr'>in</span> <span class='ocrx_word' id='word_1_77' title='bbox 957 642 1094 675; x_wconf 85' lang='lat' dir='ltr'>Christo</span> <span class='ocrx_word' id='word_1_78' title='bbox 1121 645 1225 684; x_wconf 84' lang='lat' dir='ltr'>patris</span> <span class='ocrx_word' id='word_1_79' title='bbox 1251 647 1281 675; x_wconf 85' lang='lat' dir='ltr'>et</span> <span class='ocrx_word' id='word_1_80' title='bbox 1308 653 1402 676; x_wconf 86' lang='lat' dir='ltr'>sacre</span> <span class='ocrx_word' id='word_1_81' title='bbox 1429 646 1598 686; x_wconf 73' lang='lat' dir='ltr'>theologie</span> <span class='ocrx_word' id='word_1_82' title='bbox 1626 646 1832 686; x_wconf 76' lang='lat' dir='ltr'>professoris</span> <span class='ocrx_word' id='word_1_83' title='bbox 1858 647 1983 677; x_wconf 88' lang='lat' dir='ltr'>domini</span> <span class='ocrx_word' id='word_1_84' title='bbox 2004 655 2072 678; x_wconf 87' lang='lat' dir='ltr'>ma-</span> 
     </span>
     <span class='ocr_line' id='line_1_8' title="bbox 252 704 2071 748; baseline 0.001 -11"><span class='ocrx_word' id='word_1_85' title='bbox 252 707 344 747; x_wconf 77' lang='lat' dir='ltr'>gistri</span> <span class='ocrx_word' id='word_1_86' title='bbox 374 706 458 737; x_wconf 62' lang='lat' dir='ltr'>Petri</span> <span class='ocrx_word' id='word_1_87' title='bbox 486 707 526 736; x_wconf 73' lang='lat' dir='ltr'>de</span> <span class='ocrx_word' id='word_1_88' title='bbox 553 705 768 737; x_wconf 69' lang='lat' dir='ltr'>Castroiiiivo</span> <span class='ocrx_word' id='word_1_89' title='bbox 796 704 921 736; x_wconf 74' lang='lat' dir='ltr'>prioris</span> <span class='ocrx_word' id='word_1_90' title='bbox 947 706 1025 736; x_wconf 85' lang='lat' dir='ltr'>dicti</span> <span class='ocrx_word' id='word_1_91' title='bbox 1053 708 1252 743; x_wconf 72' lang='lat' dir='ltr'>conventus,</span> <span class='ocrx_word' id='word_1_92' title='bbox 1279 716 1295 737; x_wconf 73' lang='lat' dir='ltr'>e</span> <span class='ocrx_word' id='word_1_93' title='bbox 1320 707 1373 737; x_wconf 79' lang='lat' dir='ltr'>del</span> <span class='ocrx_word' id='word_1_94' title='bbox 1396 707 1494 746; x_wconf 75' lang='lat' dir='ltr'>quale</span> <span class='ocrx_word' id='word_1_95' title='bbox 1522 706 1673 748; x_wconf 75' lang='lat' dir='ltr'>Capitalo</span> <span class='ocrx_word' id='word_1_96' title='bbox 1692 707 1801 748; x_wconf 81' lang='lat' dir='ltr'>fanno</span> <span class='ocrx_word' id='word_1_97' title='bbox 1823 710 1928 748; x_wconf 79' lang='lat' dir='ltr'>parte,</span> <span class='ocrx_word' id='word_1_98' title='bbox 1954 708 2034 739; x_wconf 78' lang='lat' dir='ltr'>oltre</span> <span class='ocrx_word' id='word_1_99' title='bbox 2059 709 2071 739; x_wconf 85' lang='grc' dir='ltr'>ι’</span> 
     </span>
     <span class='ocr_line' id='line_1_9' title="bbox 249 767 2070 810; baseline 0.001 -11"><span class='ocrx_word' id='word_1_100' title='bbox 249 769 394 799; x_wconf 56' lang='lat' dir='ltr'>studetis</span> <span class='ocrx_word' id='word_1_101' title='bbox 434 768 639 799; x_wconf 63' lang='lat' dir='ltr'>Prni’i&#39;ncinle</span> <span class='ocrx_word' id='word_1_102' title='bbox 664 777 680 799; x_wconf 80' lang='lat' dir='ltr'>e</span> <span class='ocrx_word' id='word_1_103' title='bbox 706 767 826 803; x_wconf 76' lang='lat' dir='ltr'>Priore,</span> <span class='ocrx_word' id='word_1_104' title='bbox 868 768 972 799; x_wconf 69' lang='lat' dir='ltr'>(mcliv</span> <span class='ocrx_word' id='word_1_105' title='bbox 997 769 1008 799; x_wconf 80' lang='lat' dir='ltr'>i</span> <span class='ocrx_word' id='word_1_106' title='bbox 1033 768 1247 799; x_wconf 81' lang='lat' dir='ltr'>venerabiles</span> <span class='ocrx_word' id='word_1_107' title='bbox 1288 769 1414 799; x_wconf 82' lang='lat' dir='ltr'>domini</span> <span class='ocrx_word' id='word_1_108' title='bbox 1457 769 1556 800; x_wconf 84' lang='lat' dir='ltr'>trater</span> <span class='ocrx_word' id='word_1_109' title='bbox 1599 769 1729 801; x_wconf 88' lang='lat' dir='ltr'>Luchas</span> <span class='ocrx_word' id='word_1_110' title='bbox 1767 771 1808 801; x_wconf 86' lang='lat' dir='ltr'>de</span> <span class='ocrx_word' id='word_1_111' title='bbox 1849 769 2070 810; x_wconf 80' lang='lat' dir='ltr'>Romagnano</span> 
     </span>
     <span class='ocr_line' id='line_1_10' title="bbox 252 830 2072 873; baseline 0.002 -13"><span class='ocrx_word' id='word_1_112' title='bbox 252 831 474 865; x_wconf 75' lang='lat' dir='ltr'>haclialarius,</span> <span class='ocrx_word' id='word_1_113' title='bbox 503 830 601 861; x_wconf 83' lang='lat' dir='ltr'>frater</span> <span class='ocrx_word' id='word_1_114' title='bbox 628 830 780 870; x_wconf 73' lang='lat' dir='ltr'>Baptista</span> <span class='ocrx_word' id='word_1_115' title='bbox 807 831 847 861; x_wconf 84' lang='lat' dir='ltr'>de</span> <span class='ocrx_word' id='word_1_116' title='bbox 875 830 1105 871; x_wconf 77' lang='lat' dir='ltr'>Romagnaiio,</span> <span class='ocrx_word' id='word_1_117' title='bbox 1148 830 1248 862; x_wconf 80' lang='lat' dir='ltr'>frater</span> <span class='ocrx_word' id='word_1_118' title='bbox 1288 830 1412 863; x_wconf 77' lang='lat' dir='ltr'>Orfeus</span> <span class='ocrx_word' id='word_1_119' title='bbox 1450 832 1666 863; x_wconf 77' lang='lat' dir='ltr'>vercellensis</span> <span class='ocrx_word' id='word_1_120' title='bbox 1704 833 1872 873; x_wconf 79' lang='lat' dir='ltr'>subprior,</span> <span class='ocrx_word' id='word_1_121' title='bbox 1898 832 1998 864; x_wconf 85' lang='lat' dir='ltr'>frater</span> <span class='ocrx_word' id='word_1_122' title='bbox 2024 832 2072 864; x_wconf 93' lang='lat' dir='ltr'>lo-</span> 
     </span>
     <span class='ocr_line' id='line_1_11' title="bbox 252 892 2073 933; baseline 0.002 -10"><span class='ocrx_word' id='word_1_123' title='bbox 252 894 378 924; x_wconf 66' lang='lat' dir='ltr'>liazmss</span> <span class='ocrx_word' id='word_1_124' title='bbox 406 893 547 924; x_wconf 56' lang='lat' dir='ltr'>lacobus</span> <span class='ocrx_word' id='word_1_125' title='bbox 573 894 614 924; x_wconf 75' lang='lat' dir='ltr'>de</span> <span class='ocrx_word' id='word_1_126' title='bbox 640 892 844 925; x_wconf 85' lang='lat' dir='ltr'>Castellacio</span> <span class='ocrx_word' id='word_1_127' title='bbox 884 894 1043 933; x_wconf 80' lang='lat' dir='ltr'>magister</span> <span class='ocrx_word' id='word_1_128' title='bbox 1079 893 1299 931; x_wconf 79' lang='lat' dir='ltr'>studentium,</span> <span class='ocrx_word' id='word_1_129' title='bbox 1336 893 1435 925; x_wconf 81' lang='lat' dir='ltr'>frater</span> <span class='ocrx_word' id='word_1_130' title='bbox 1472 894 1616 926; x_wconf 87' lang='lat' dir='ltr'>lacobus</span> <span class='ocrx_word' id='word_1_131' title='bbox 1653 895 1840 931; x_wconf 79' lang='lat' dir='ltr'>alamanus,</span> <span class='ocrx_word' id='word_1_132' title='bbox 1879 895 1978 926; x_wconf 81' lang='lat' dir='ltr'>trater</span> <span class='ocrx_word' id='word_1_133' title='bbox 2003 894 2073 927; x_wconf 85' lang='lat' dir='ltr'>Gu-</span> 
     </span>
     <span class='ocr_line' id='line_1_12' title="bbox 252 955 2070 996; baseline 0.001 -10"><span class='ocrx_word' id='word_1_134' title='bbox 252 957 382 986; x_wconf 57' lang='lat' dir='ltr'>lislniu³</span> <span class='ocrx_word' id='word_1_135' title='bbox 409 957 449 987; x_wconf 71' lang='lat' dir='ltr'>de</span> <span class='ocrx_word' id='word_1_136' title='bbox 477 955 627 988; x_wconf 68' lang='lat' dir='ltr'>Silvano.</span> <span class='ocrx_word' id='word_1_137' title='bbox 654 955 753 986; x_wconf 78' lang='lat' dir='ltr'>trater</span> <span class='ocrx_word' id='word_1_138' title='bbox 781 955 1073 995; x_wconf 77' lang='lat' dir='ltr'>Micliaelangelus</span> <span class='ocrx_word' id='word_1_139' title='bbox 1099 956 1140 987; x_wconf 82' lang='lat' dir='ltr'>de</span> <span class='ocrx_word' id='word_1_140' title='bbox 1168 955 1273 996; x_wconf 79' lang='lat' dir='ltr'>Papia</span> <span class='ocrx_word' id='word_1_141' title='bbox 1299 957 1462 991; x_wconf 74' lang='lat' dir='ltr'>sindicus.</span> <span class='ocrx_word' id='word_1_142' title='bbox 1489 956 1590 988; x_wconf 81' lang='lat' dir='ltr'>trater</span> <span class='ocrx_word' id='word_1_143' title='bbox 1629 956 1853 988; x_wconf 78' lang='lat' dir='ltr'>Sebastianus</span> <span class='ocrx_word' id='word_1_144' title='bbox 1879 958 1919 989; x_wconf 93' lang='lat' dir='ltr'>de</span> <span class='ocrx_word' id='word_1_145' title='bbox 1945 956 2070 995; x_wconf 84' lang='lat' dir='ltr'>Casali,</span> 
     </span>
     <span class='ocr_line' id='line_1_13' title="bbox 252 1017 2072 1060; baseline 0.002 -11"><span class='ocrx_word' id='word_1_146' title='bbox 252 1019 348 1049; x_wconf 74' lang='lat' dir='ltr'>trater</span> <span class='ocrx_word' id='word_1_147' title='bbox 376 1018 588 1058; x_wconf 64' lang='lat' dir='ltr'>Augustinus</span> <span class='ocrx_word' id='word_1_148' title='bbox 615 1019 654 1049; x_wconf 70' lang='lat' dir='ltr'>:le</span> <span class='ocrx_word' id='word_1_149' title='bbox 681 1017 860 1053; x_wconf 75' lang='lat' dir='ltr'>Cremona,</span> <span class='ocrx_word' id='word_1_150' title='bbox 898 1018 998 1049; x_wconf 82' lang='lat' dir='ltr'>irater</span> <span class='ocrx_word' id='word_1_151' title='bbox 1036 1018 1183 1059; x_wconf 77' lang='lat' dir='ltr'>Rapliael</span> <span class='ocrx_word' id='word_1_152' title='bbox 1223 1018 1264 1049; x_wconf 89' lang='lat' dir='ltr'>de</span> <span class='ocrx_word' id='word_1_153' title='bbox 1302 1018 1470 1055; x_wconf 79' lang='lat' dir='ltr'>Terdona,</span> <span class='ocrx_word' id='word_1_154' title='bbox 1503 1019 1603 1050; x_wconf 82' lang='lat' dir='ltr'>frater</span> <span class='ocrx_word' id='word_1_155' title='bbox 1628 1018 1862 1051; x_wconf 80' lang='lat' dir='ltr'>Christotorus</span> <span class='ocrx_word' id='word_1_156' title='bbox 1887 1020 1928 1051; x_wconf 91' lang='lat' dir='ltr'>de</span> <span class='ocrx_word' id='word_1_157' title='bbox 1956 1019 2072 1060; x_wconf 78' lang='lat' dir='ltr'>Papia,</span> 
     </span>
     <span class='ocr_line' id='line_1_14' title="bbox 252 1079 2071 1121; baseline 0.002 -10"><span class='ocrx_word' id='word_1_158' title='bbox 252 1081 350 1112; x_wconf 77' lang='lat' dir='ltr'>trater</span> <span class='ocrx_word' id='word_1_159' title='bbox 378 1080 590 1121; x_wconf 63' lang='lat' dir='ltr'>Augustinus</span> <span class='ocrx_word' id='word_1_160' title='bbox 617 1081 656 1111; x_wconf 78' lang='lat' dir='ltr'>de</span> <span class='ocrx_word' id='word_1_161' title='bbox 685 1081 893 1118; x_wconf 58' lang='lat' dir='ltr'>Mediolano,</span> <span class='ocrx_word' id='word_1_162' title='bbox 934 1080 1034 1111; x_wconf 84' lang='lat' dir='ltr'>frater</span> <span class='ocrx_word' id='word_1_163' title='bbox 1074 1079 1260 1121; x_wconf 80' lang='lat' dir='ltr'>Gregorius</span> <span class='ocrx_word' id='word_1_164' title='bbox 1301 1081 1488 1118; x_wconf 83' lang='lat' dir='ltr'>alamanus,</span> <span class='ocrx_word' id='word_1_165' title='bbox 1529 1081 1629 1112; x_wconf 84' lang='lat' dir='ltr'>frater</span> <span class='ocrx_word' id='word_1_166' title='bbox 1668 1080 1859 1113; x_wconf 79' lang='lat' dir='ltr'>Gulielmus</span> <span class='ocrx_word' id='word_1_167' title='bbox 1885 1082 2071 1116; x_wconf 75' lang='lat' dir='ltr'>alamanus,</span> 
     </span>
     <span class='ocr_line' id='line_1_15' title="bbox 251 1142 2071 1185; baseline 0.001 -12"><span class='ocrx_word' id='word_1_168' title='bbox 251 1143 348 1174; x_wconf 83' lang='lat' dir='ltr'>frater</span> <span class='ocrx_word' id='word_1_169' title='bbox 375 1143 416 1174; x_wconf 81' lang='lat' dir='ltr'>lo.</span> <span class='ocrx_word' id='word_1_170' title='bbox 446 1142 614 1174; x_wconf 65' lang='lat' dir='ltr'>Antonius</span> <span class='ocrx_word' id='word_1_171' title='bbox 640 1143 680 1174; x_wconf 79' lang='lat' dir='ltr'>‹le</span> <span class='ocrx_word' id='word_1_172' title='bbox 708 1142 881 1183; x_wconf 60' lang='lat' dir='ltr'>(impello,</span> <span class='ocrx_word' id='word_1_173' title='bbox 909 1143 1009 1174; x_wconf 84' lang='lat' dir='ltr'>trater</span> <span class='ocrx_word' id='word_1_174' title='bbox 1045 1142 1247 1174; x_wconf 82' lang='lat' dir='ltr'>Thinioteus</span> <span class='ocrx_word' id='word_1_175' title='bbox 1273 1143 1313 1174; x_wconf 88' lang='lat' dir='ltr'>de</span> <span class='ocrx_word' id='word_1_176' title='bbox 1341 1142 1444 1183; x_wconf 78' lang='lat' dir='ltr'>Papia</span> <span class='ocrx_word' id='word_1_177' title='bbox 1471 1146 1501 1174; x_wconf 87' lang='lat' dir='ltr'>et</span> <span class='ocrx_word' id='word_1_178' title='bbox 1528 1143 1628 1174; x_wconf 83' lang='lat' dir='ltr'>trater</span> <span class='ocrx_word' id='word_1_179' title='bbox 1665 1144 1828 1175; x_wconf 89' lang='lat' dir='ltr'>Marchus</span> <span class='ocrx_word' id='word_1_180' title='bbox 1854 1144 1894 1175; x_wconf 87' lang='lat' dir='ltr'>de</span> <span class='ocrx_word' id='word_1_181' title='bbox 1921 1143 2071 1185; x_wconf 72' lang='lat' dir='ltr'>Papia...</span> 
     </span>
     <span class='ocr_line' id='line_1_16' title="bbox 250 1205 2074 1246; baseline 0.001 -10"><span class='ocrx_word' id='word_1_182' title='bbox 250 1207 326 1246; x_wconf 81' lang='lat' dir='ltr'>plus</span> <span class='ocrx_word' id='word_1_183' title='bbox 353 1215 452 1245; x_wconf 82' lang='lat' dir='ltr'>quam</span> <span class='ocrx_word' id='word_1_184' title='bbox 481 1206 566 1236; x_wconf 68' lang='lat' dir='ltr'>duas·</span> <span class='ocrx_word' id='word_1_185' title='bbox 593 1212 703 1246; x_wconf 50' lang='lat' dir='ltr'>pam-2</span> <span class='ocrx_word' id='word_1_186' title='bbox 732 1215 772 1236; x_wconf 99' lang='grc' dir='ltr'>Χ</span> <span class='ocrx_word' id='word_1_187' title='bbox 800 1206 908 1236; x_wconf 82' lang='lat' dir='ltr'>trihus</span> <span class='ocrx_word' id='word_1_188' title='bbox 934 1205 1145 1235; x_wconf 79' lang='lat' dir='ltr'>dominorum</span> <span class='ocrx_word' id='word_1_189' title='bbox 1174 1205 1310 1235; x_wconf 76' lang='lat' dir='ltr'>fratrum</span> <span class='ocrx_word' id='word_1_190' title='bbox 1349 1205 1426 1236; x_wconf 91' lang='lat' dir='ltr'>dicti</span> <span class='ocrx_word' id='word_1_191' title='bbox 1454 1208 1653 1241; x_wconf 84' lang='lat' dir='ltr'>conventus,</span> <span class='ocrx_word' id='word_1_192' title='bbox 1686 1206 1878 1237; x_wconf 72' lang='lat' dir='ltr'>‹liclii&#39;czrmio</span> <span class='ocrx_word' id='word_1_193' title='bbox 1904 1207 1939 1237; x_wconf 78' lang='lat' dir='ltr'>di</span> <span class='ocrx_word' id='word_1_194' title='bbox 1962 1206 2074 1237; x_wconf 78' lang='lat' dir='ltr'>cedere</span> 
     </span>
     <span class='ocr_line' id='line_1_17' title="bbox 248 1266 2075 1308; baseline 0 -9"><span class='ocrx_word' id='word_1_195' title='bbox 248 1268 283 1299; x_wconf 81' lang='lat' dir='ltr'>al</span> <span class='ocrx_word' id='word_1_196' title='bbox 305 1268 458 1299; x_wconf 66' lang='lat' dir='ltr'>suddetlo</span> <span class='ocrx_word' id='word_1_197' title='bbox 487 1267 649 1299; x_wconf 72' lang='lat' dir='ltr'>Gi&#39;acomo</span> <span class='ocrx_word' id='word_1_198' title='bbox 676 1268 770 1299; x_wconf 83' lang='lat' dir='ltr'>Burri</span> <span class='ocrx_word' id='word_1_199' title='bbox 795 1267 818 1298; x_wconf 85' lang='lat' dir='ltr'>il</span> <span class='ocrx_word' id='word_1_200' title='bbox 842 1268 962 1299; x_wconf 75' lang='lat' dir='ltr'>credito</span> <span class='ocrx_word' id='word_1_201' title='bbox 989 1267 1043 1298; x_wconf 75' lang='lat' dir='ltr'>del</span> <span class='ocrx_word' id='word_1_202' title='bbox 1066 1267 1201 1307; x_wconf 78' lang='lat' dir='ltr'>defunto</span> <span class='ocrx_word' id='word_1_203' title='bbox 1221 1266 1311 1308; x_wconf 78' lang='lat' dir='ltr'>frate</span> <span class='ocrx_word' id='word_1_204' title='bbox 1339 1266 1498 1307; x_wconf 62' lang='lat' dir='ltr'>Gregorio</span> <span class='ocrx_word' id='word_1_205' title='bbox 1524 1267 1567 1298; x_wconf 77' lang='lat' dir='ltr'>(la</span> <span class='ocrx_word' id='word_1_206' title='bbox 1594 1267 1700 1299; x_wconf 82' lang='grc' dir='ltr'><em>Ρανῐα</em></span> <span class='ocrx_word' id='word_1_207' title='bbox 1727 1276 1817 1299; x_wconf 82' lang='lat' dir='ltr'>verso</span> <span class='ocrx_word' id='word_1_208' title='bbox 1843 1268 1988 1300; x_wconf 80' lang='lat' dir='ltr'>Ascam&#39;o</span> <span class='ocrx_word' id='word_1_209' title='bbox 2013 1268 2075 1299; x_wconf 92' lang='lat' dir='ltr'>Lo-</span> 
     </span>
     <span class='ocr_line' id='line_1_18' title="bbox 248 1329 1124 1370; baseline -0.001 -9"><span class='ocrx_word' id='word_1_210' title='bbox 248 1331 325 1366; x_wconf 72' lang='grc' dir='ltr'>ηαίί,</span> <span class='ocrx_word' id='word_1_211' title='bbox 349 1330 467 1370; x_wconf 69' lang='lat' dir='ltr'>perche?</span> <span class='ocrx_word' id='word_1_212' title='bbox 498 1329 751 1370; x_wconf 73' lang='lat' dir='ltr'>effettivurnerzle</span> <span class='ocrx_word' id='word_1_213' title='bbox 776 1332 938 1370; x_wconf 77' lang='lat' dir='ltr'>spettanle</span> <span class='ocrx_word' id='word_1_214' title='bbox 963 1330 998 1361; x_wconf 79' lang='lat' dir='ltr'>al</span> <span class='ocrx_word' id='word_1_215' title='bbox 1022 1329 1124 1361; x_wconf 82' lang='lat' dir='ltr'>Burri.</span> 
     </span>
    </p>
   </div>
   <div class='ocr_carea' id='block_1_3' title="bbox 339 1532 1634 1687">
    <p class='ocr_par' dir='ltr' id='par_1_3' title="bbox 339 1532 1634 1687">
     <span class='ocr_line' id='line_1_19' title="bbox 1050 1532 1281 1573; baseline 0 -2"><span class='ocrx_word' id='word_1_216' title='bbox 1050 1532 1281 1573; x_wconf 73' lang='lat' dir='ltr'>DCCCV.</span> 
     </span>
     <span class='ocr_line' id='line_1_20' title="bbox 339 1651 1634 1687; baseline -0.001 -8"><span class='ocrx_word' id='word_1_217' title='bbox 339 1651 514 1679; x_wconf 87' lang='lat' dir='ltr'>Codicillo</span> <span class='ocrx_word' id='word_1_218' title='bbox 540 1651 596 1679; x_wconf 84' lang='lat' dir='ltr'>del</span> <span class='ocrx_word' id='word_1_219' title='bbox 621 1651 826 1687; x_wconf 77' lang='lat' dir='ltr'>professore</span> <span class='ocrx_word' id='word_1_220' title='bbox 853 1651 983 1679; x_wconf 58' lang='lat' dir='ltr'>Cosam</span> <span class='ocrx_word' id='word_1_221' title='bbox 1011 1651 1166 1679; x_wconf 82' lang='lat' dir='ltr'>Colesini</span> <span class='ocrx_word' id='word_1_222' title='bbox 1195 1660 1213 1679; x_wconf 80' lang='lat' dir='ltr'>a</span> <span class='ocrx_word' id='word_1_223' title='bbox 1240 1652 1359 1679; x_wconf 82' lang='lat' dir='ltr'>favore</span> <span class='ocrx_word' id='word_1_224' title='bbox 1386 1651 1420 1679; x_wconf 86' lang='lat' dir='ltr'>di</span> <span class='ocrx_word' id='word_1_225' title='bbox 1447 1651 1482 1679; x_wconf 92' lang='lat' dir='ltr'>S.</span> <span class='ocrx_word' id='word_1_226' title='bbox 1511 1651 1634 1679; x_wconf 85' lang='lat' dir='ltr'>Paolo.</span> 
     </span>
    </p>
   </div>
   <div class='ocr_carea' id='block_1_4' title="bbox 903 1773 1429 1804">
    <p class='ocr_par' dir='ltr' id='par_1_4' title="bbox 903 1773 1429 1804">
     <span class='ocr_line' id='line_1_21' title="bbox 903 1773 1429 1804; baseline 0.002 -8"><span class='ocrx_word' id='word_1_227' title='bbox 903 1775 996 1796; x_wconf 53' lang='lat' dir='ltr'>erza·</span> <span class='ocrx_word' id='word_1_228' title='bbox 1015 1779 1025 1795; x_wconf 70' lang='grc' dir='ltr'>ἱ-</span> <span class='ocrx_word' id='word_1_229' title='bbox 1048 1789 1059 1798; x_wconf 76' lang='grc'><strong>.</strong></span> <span class='ocrx_word' id='word_1_230' title='bbox 1082 1778 1306 1804; x_wconf 50' lang='grc' dir='ltr'>(υς-ξιιεεῐε»,</span> <span class='ocrx_word' id='word_1_231' title='bbox 1339 1773 1429 1797; x_wconf 67' lang='lat'>24-</span> 
     </span>
    </p>
   </div>
   <div class='ocr_carea' id='block_1_5' title="bbox 703 1870 1631 1895">
    <p class='ocr_par' dir='ltr' id='par_1_5' title="bbox 703 1870 1631 1895">
     <span class='ocr_line' id='line_1_22' title="bbox 703 1870 1631 1895; baseline 0 -4"><span class='ocrx_word' id='word_1_232' title='bbox 703 1870 781 1892; x_wconf 79' lang='lat' dir='ltr'>(Arcli.</span> <span class='ocrx_word' id='word_1_233' title='bbox 799 1870 835 1890; x_wconf 80' lang='lat' dir='ltr'>dcl</span> <span class='ocrx_word' id='word_1_234' title='bbox 852 1870 936 1890; x_wconf 76' lang='lat' dir='ltr'>Museo</span> <span class='ocrx_word' id='word_1_235' title='bbox 952 1870 1032 1891; x_wconf 52' lang='lat' dir='ltr'>civico</span> <span class='ocrx_word' id='word_1_236' title='bbox 1048 1871 1069 1890; x_wconf 88' lang='lat' dir='ltr'>di</span> <span class='ocrx_word' id='word_1_237' title='bbox 1086 1871 1157 1890; x_wconf 66' lang='lat' dir='ltr'>stolia</span> <span class='ocrx_word' id='word_1_238' title='bbox 1176 1872 1250 1895; x_wconf 54' lang='lat' dir='ltr'>lizinia</span> <span class='ocrx_word' id='word_1_239' title='bbox 1267 1881 1292 1884; x_wconf 73' lang='lat'>-——</span> <span class='ocrx_word' id='word_1_240' title='bbox 1308 1870 1371 1891; x_wconf 79' lang='lat' dir='ltr'>Cart.</span> <span class='ocrx_word' id='word_1_241' title='bbox 1389 1870 1484 1891; x_wconf 69' lang='lat' dir='ltr'>Istrum,</span> <span class='ocrx_word' id='word_1_242' title='bbox 1500 1870 1520 1894; x_wconf 90' lang='grc'>3,</span> <span class='ocrx_word' id='word_1_243' title='bbox 1537 1876 1558 1890; x_wconf 88' lang='lat' dir='ltr'>n.</span> <span class='ocrx_word' id='word_1_244' title='bbox 1575 1870 1631 1891; x_wconf 57' lang='lat'><strong>226».</strong></span> 
     </span>
    </p>
   </div>
   <div class='ocr_carea' id='block_1_6' title="bbox 245 2055 2072 3103">
    <p class='ocr_par' dir='ltr' id='par_1_6' title="bbox 494 2066 1358 2109">
     <span class='ocr_line' id='line_1_23' title="bbox 494 2066 1358 2109; baseline 0 -10"><span class='ocrx_word' id='word_1_245' title='bbox 494 2072 689 2100; x_wconf 80' lang='lat' dir='ltr'>ODlClLLUS</span> <span class='ocrx_word' id='word_1_246' title='bbox 715 2066 753 2098; x_wconf 91' lang='lat' dir='ltr'>D.</span> <span class='ocrx_word' id='word_1_247' title='bbox 782 2068 937 2109; x_wconf 80' lang='lat' dir='ltr'>Magistri</span> <span class='ocrx_word' id='word_1_248' title='bbox 965 2066 1080 2099; x_wconf 85' lang='lat' dir='ltr'>Cosmi</span> <span class='ocrx_word' id='word_1_249' title='bbox 1109 2069 1149 2098; x_wconf 84' lang='lat' dir='ltr'>de</span> <span class='ocrx_word' id='word_1_250' title='bbox 1177 2066 1358 2099; x_wconf 71' lang='lat' dir='ltr'>Colesinis.</span> 
     </span>
    </p>

    <p class='ocr_par' dir='ltr' id='par_1_7' title="bbox 321 2055 2072 2172">
     <span class='ocr_line' id='line_1_24' title="bbox 321 2055 2072 2172; baseline 0.001 -11"><span class='ocrx_word' id='word_1_251' title='bbox 321 2055 427 2172; x_wconf 83' lang='lat' dir='ltr'>C</span> <span class='ocrx_word' id='word_1_252' title='bbox 605 2130 636 2161; x_wconf 91' lang='lat' dir='ltr'>ln</span> <span class='ocrx_word' id='word_1_253' title='bbox 665 2131 800 2161; x_wconf 87' lang='lat' dir='ltr'>nomine</span> <span class='ocrx_word' id='word_1_254' title='bbox 827 2129 962 2161; x_wconf 84' lang='lat' dir='ltr'>Domini</span> <span class='ocrx_word' id='word_1_255' title='bbox 992 2129 1141 2161; x_wconf 50' lang='lat' dir='ltr'>Amen„</span> <span class='ocrx_word' id='word_1_256' title='bbox 1170 2130 1374 2169; x_wconf 67' lang='lat' dir='ltr'>Spectabilis</span> <span class='ocrx_word' id='word_1_257' title='bbox 1400 2132 1431 2161; x_wconf 92' lang='lat' dir='ltr'>et</span> <span class='ocrx_word' id='word_1_258' title='bbox 1457 2131 1614 2171; x_wconf 86' lang='lat' dir='ltr'>egregius</span> <span class='ocrx_word' id='word_1_259' title='bbox 1635 2130 1873 2171; x_wconf 85' lang='lat' dir='ltr'>grammaticae</span> <span class='ocrx_word' id='word_1_260' title='bbox 1899 2130 2072 2171; x_wconf 78' lang='lat' dir='ltr'>professor</span> 
     </span>
    </p>

    <p class='ocr_par' dir='ltr' id='par_1_8' title="bbox 247 2191 2071 2358">
     <span class='ocr_line' id='line_1_25' title="bbox 327 2191 2069 2233; baseline 0 -9"><span class='ocrx_word' id='word_1_261' title='bbox 327 2228 331 2229; x_wconf 18' lang='lat'><em>⁷</em></span> <span class='ocrx_word' id='word_1_262' title='bbox 365 2228 373 2230; x_wconf 13' lang='grc' dir='ltr'><strong>ξ</strong></span> <span class='ocrx_word' id='word_1_263' title='bbox 427 2229 437 2230; x_wconf 23' lang='lat'><em>7</em></span> <span class='ocrx_word' id='word_1_264' title='bbox 454 2228 480 2230; x_wconf 32' lang='lat' dir='ltr'><strong><em>M</em></strong></span> <span class='ocrx_word' id='word_1_265' title='bbox 517 2192 556 2224; x_wconf 93' lang='lat' dir='ltr'>D.</span> <span class='ocrx_word' id='word_1_266' title='bbox 584 2193 749 2233; x_wconf 85' lang='lat' dir='ltr'>Magister</span> <span class='ocrx_word' id='word_1_267' title='bbox 774 2191 923 2225; x_wconf 83' lang='lat' dir='ltr'>Cosmus</span> <span class='ocrx_word' id='word_1_268' title='bbox 949 2193 989 2224; x_wconf 90' lang='lat' dir='ltr'>de</span> <span class='ocrx_word' id='word_1_269' title='bbox 1016 2191 1187 2225; x_wconf 70' lang='lat' dir='ltr'>Colesinis</span> <span class='ocrx_word' id='word_1_270' title='bbox 1229 2193 1317 2223; x_wconf 82' lang='lat' dir='ltr'>filius</span> <span class='ocrx_word' id='word_1_271' title='bbox 1343 2193 1515 2233; x_wconf 83' lang='lat' dir='ltr'>quondam</span> <span class='ocrx_word' id='word_1_272' title='bbox 1541 2193 1740 2233; x_wconf 86' lang='lat' dir='ltr'>spectabilis</span> <span class='ocrx_word' id='word_1_273' title='bbox 1766 2193 1826 2224; x_wconf 90' lang='lat' dir='ltr'>viri</span> <span class='ocrx_word' id='word_1_274' title='bbox 1853 2191 1893 2224; x_wconf 95' lang='lat' dir='ltr'>D.</span> <span class='ocrx_word' id='word_1_275' title='bbox 1920 2192 2069 2224; x_wconf 88' lang='lat' dir='ltr'>Mathaei</span> 
     </span>
     <span class='ocr_line' id='line_1_26' title="bbox 247 2253 2071 2296; baseline 0 -10"><span class='ocrx_word' id='word_1_276' title='bbox 247 2256 332 2286; x_wconf 89' lang='lat' dir='ltr'>civis</span> <span class='ocrx_word' id='word_1_277' title='bbox 358 2256 534 2296; x_wconf 84' lang='lat' dir='ltr'>papiensis</span> <span class='ocrx_word' id='word_1_278' title='bbox 559 2259 590 2287; x_wconf 88' lang='lat' dir='ltr'>et</span> <span class='ocrx_word' id='word_1_279' title='bbox 616 2256 656 2287; x_wconf 92' lang='lat' dir='ltr'>de</span> <span class='ocrx_word' id='word_1_280' title='bbox 684 2256 852 2296; x_wconf 81' lang='lat' dir='ltr'>praesenti</span> <span class='ocrx_word' id='word_1_281' title='bbox 881 2256 1049 2286; x_wconf 83' lang='lat' dir='ltr'>habitator</span> <span class='ocrx_word' id='word_1_282' title='bbox 1068 2256 1098 2286; x_wconf 87' lang='lat' dir='ltr'>in</span> <span class='ocrx_word' id='word_1_283' title='bbox 1114 2258 1262 2286; x_wconf 69' lang='lat' dir='ltr'>contrata</span> <span class='ocrx_word' id='word_1_284' title='bbox 1291 2255 1331 2286; x_wconf 90' lang='lat' dir='ltr'>de</span> <span class='ocrx_word' id='word_1_285' title='bbox 1360 2255 1387 2286; x_wconf 88' lang='lat' dir='ltr'>le</span> <span class='ocrx_word' id='word_1_286' title='bbox 1413 2253 1616 2293; x_wconf 85' lang='lat' dir='ltr'>Cassinette,</span> <span class='ocrx_word' id='word_1_287' title='bbox 1650 2253 1867 2295; x_wconf 86' lang='lat' dir='ltr'>Campaneae</span> <span class='ocrx_word' id='word_1_288' title='bbox 1900 2253 2071 2287; x_wconf 88' lang='lat' dir='ltr'>Subtanae</span> 
     </span>
     <span class='ocr_line' id='line_1_27' title="bbox 247 2316 906 2358; baseline 0 -10"><span class='ocrx_word' id='word_1_289' title='bbox 247 2317 383 2358; x_wconf 79' lang='lat' dir='ltr'>Papiae,</span> <span class='ocrx_word' id='word_1_290' title='bbox 412 2318 467 2348; x_wconf 88' lang='lat' dir='ltr'>uhi</span> <span class='ocrx_word' id='word_1_291' title='bbox 495 2318 616 2349; x_wconf 90' lang='lat' dir='ltr'>dicitur</span> <span class='ocrx_word' id='word_1_292' title='bbox 641 2318 683 2349; x_wconf 89' lang='lat' dir='ltr'>ad</span> <span class='ocrx_word' id='word_1_293' title='bbox 711 2316 906 2350; x_wconf 67' lang='lat' dir='ltr'>Raetiam...</span> 
     </span>
    </p>

    <p class='ocr_par' dir='ltr' id='par_1_9' title="bbox 245 2378 2072 3103">
     <span class='ocr_line' id='line_1_28' title="bbox 337 2378 2072 2421; baseline 0 -11"><span class='ocrx_word' id='word_1_294' title='bbox 337 2379 411 2420; x_wconf 86' lang='lat' dir='ltr'>lpse</span> <span class='ocrx_word' id='word_1_295' title='bbox 438 2389 584 2420; x_wconf 81' lang='lat' dir='ltr'>namque</span> <span class='ocrx_word' id='word_1_296' title='bbox 611 2379 650 2411; x_wconf 90' lang='lat' dir='ltr'>D.</span> <span class='ocrx_word' id='word_1_297' title='bbox 679 2379 843 2421; x_wconf 78' lang='lat' dir='ltr'>Magister</span> <span class='ocrx_word' id='word_1_298' title='bbox 868 2378 1017 2412; x_wconf 84' lang='lat' dir='ltr'>Cosmus</span> <span class='ocrx_word' id='word_1_299' title='bbox 1044 2380 1160 2412; x_wconf 80' lang='lat' dir='ltr'>voluit.</span> <span class='ocrx_word' id='word_1_300' title='bbox 1188 2380 1296 2417; x_wconf 83' lang='lat' dir='ltr'>iussit,</span> <span class='ocrx_word' id='word_1_301' title='bbox 1323 2380 1505 2420; x_wconf 80' lang='lat' dir='ltr'>disposuit,</span> <span class='ocrx_word' id='word_1_302' title='bbox 1532 2380 1713 2417; x_wconf 89' lang='lat' dir='ltr'>ordinavit,</span> <span class='ocrx_word' id='word_1_303' title='bbox 1739 2388 1778 2411; x_wconf 89' lang='lat' dir='ltr'>ac</span> <span class='ocrx_word' id='word_1_304' title='bbox 1805 2379 1886 2417; x_wconf 91' lang='lat' dir='ltr'>vult,</span> <span class='ocrx_word' id='word_1_305' title='bbox 1906 2379 2006 2415; x_wconf 85' lang='lat' dir='ltr'>iubet,</span> <span class='ocrx_word' id='word_1_306' title='bbox 2022 2379 2072 2410; x_wconf 92' lang='lat' dir='ltr'>di-</span> 
     </span>
     <span class='ocr_line' id='line_1_29' title="bbox 248 2441 2068 2483; baseline -0.001 -10"><span class='ocrx_word' id='word_1_307' title='bbox 248 2442 362 2481; x_wconf 81' lang='lat' dir='ltr'>sponit</span> <span class='ocrx_word' id='word_1_308' title='bbox 388 2445 418 2473; x_wconf 86' lang='lat' dir='ltr'>et</span> <span class='ocrx_word' id='word_1_309' title='bbox 445 2443 589 2478; x_wconf 80' lang='lat' dir='ltr'>ordinat,</span> <span class='ocrx_word' id='word_1_310' title='bbox 616 2443 707 2482; x_wconf 83' lang='lat' dir='ltr'>quod</span> <span class='ocrx_word' id='word_1_311' title='bbox 735 2451 816 2474; x_wconf 88' lang='lat' dir='ltr'>casu</span> <span class='ocrx_word' id='word_1_312' title='bbox 844 2452 912 2482; x_wconf 84' lang='lat' dir='ltr'>quo</span> <span class='ocrx_word' id='word_1_313' title='bbox 939 2443 1011 2483; x_wconf 92' lang='lat' dir='ltr'>ipse</span> <span class='ocrx_word' id='word_1_314' title='bbox 1038 2441 1077 2473; x_wconf 91' lang='lat' dir='ltr'>D.</span> <span class='ocrx_word' id='word_1_315' title='bbox 1106 2442 1271 2483; x_wconf 71' lang='lat' dir='ltr'>Magister</span> <span class='ocrx_word' id='word_1_316' title='bbox 1296 2441 1446 2474; x_wconf 78' lang='lat' dir='ltr'>Cosmus</span> <span class='ocrx_word' id='word_1_317' title='bbox 1472 2451 1538 2473; x_wconf 90' lang='lat' dir='ltr'>non</span> <span class='ocrx_word' id='word_1_318' title='bbox 1564 2443 1712 2473; x_wconf 88' lang='lat' dir='ltr'>construi</span> <span class='ocrx_word' id='word_1_319' title='bbox 1740 2442 1863 2473; x_wconf 84' lang='lat' dir='ltr'>faceret</span> <span class='ocrx_word' id='word_1_320' title='bbox 1880 2442 2068 2473; x_wconf 87' lang='lat' dir='ltr'>anchonarn</span> 
     </span>
     <span class='ocr_line' id='line_1_30' title="bbox 249 2502 2068 2544; baseline 0 -10"><span class='ocrx_word' id='word_1_321' title='bbox 249 2513 346 2534; x_wconf 88' lang='lat' dir='ltr'>unam</span> <span class='ocrx_word' id='word_1_322' title='bbox 374 2504 415 2535; x_wconf 93' lang='lat' dir='ltr'>ad</span> <span class='ocrx_word' id='word_1_323' title='bbox 443 2504 554 2535; x_wconf 77' lang='lat' dir='ltr'>Altare</span> <span class='ocrx_word' id='word_1_324' title='bbox 581 2505 691 2544; x_wconf 88' lang='lat' dir='ltr'>ipsius</span> <span class='ocrx_word' id='word_1_325' title='bbox 718 2503 757 2535; x_wconf 93' lang='lat' dir='ltr'>D.</span> <span class='ocrx_word' id='word_1_326' title='bbox 784 2503 1033 2542; x_wconf 86' lang='lat' dir='ltr'>Codicillantis,</span> <span class='ocrx_word' id='word_1_327' title='bbox 1060 2505 1173 2536; x_wconf 90' lang='lat' dir='ltr'>sittum</span> <span class='ocrx_word' id='word_1_328' title='bbox 1201 2513 1260 2536; x_wconf 89' lang='lat' dir='ltr'>seu</span> <span class='ocrx_word' id='word_1_329' title='bbox 1297 2506 1526 2536; x_wconf 87' lang='lat' dir='ltr'>constructum</span> <span class='ocrx_word' id='word_1_330' title='bbox 1554 2504 1584 2535; x_wconf 91' lang='lat' dir='ltr'>in</span> <span class='ocrx_word' id='word_1_331' title='bbox 1611 2503 1765 2536; x_wconf 84' lang='lat' dir='ltr'>Ecclesia</span> <span class='ocrx_word' id='word_1_332' title='bbox 1791 2502 1822 2536; x_wconf 89' lang='lat' dir='ltr'>S.</span> <span class='ocrx_word' id='word_1_333' title='bbox 1850 2502 1944 2535; x_wconf 85' lang='lat' dir='ltr'>Pauli</span> <span class='ocrx_word' id='word_1_334' title='bbox 1972 2512 2068 2544; x_wconf 91' lang='lat' dir='ltr'>prae-</span> 
     </span>
     <span class='ocr_line' id='line_1_31' title="bbox 249 2565 2069 2607; baseline 0 -11"><span class='ocrx_word' id='word_1_335' title='bbox 249 2566 339 2602; x_wconf 87' lang='lat' dir='ltr'>dicti,</span> <span class='ocrx_word' id='word_1_336' title='bbox 365 2566 430 2597; x_wconf 85' lang='lat' dir='ltr'>sub</span> <span class='ocrx_word' id='word_1_337' title='bbox 456 2567 626 2597; x_wconf 87' lang='lat' dir='ltr'>vocabulo</span> <span class='ocrx_word' id='word_1_338' title='bbox 653 2565 686 2598; x_wconf 87' lang='lat' dir='ltr'>S.</span> <span class='ocrx_word' id='word_1_339' title='bbox 713 2566 961 2598; x_wconf 84' lang='lat' dir='ltr'>Bartholomaei</span> <span class='ocrx_word' id='word_1_340' title='bbox 988 2569 1020 2598; x_wconf 91' lang='lat' dir='ltr'>et</span> <span class='ocrx_word' id='word_1_341' title='bbox 1046 2566 1077 2599; x_wconf 90' lang='lat' dir='ltr'>S.</span> <span class='ocrx_word' id='word_1_342' title='bbox 1106 2567 1272 2604; x_wconf 83' lang='lat' dir='ltr'>Marthae,</span> <span class='ocrx_word' id='word_1_343' title='bbox 1299 2576 1402 2607; x_wconf 89' lang='lat' dir='ltr'>super</span> <span class='ocrx_word' id='word_1_344' title='bbox 1427 2575 1493 2607; x_wconf 85' lang='lat' dir='ltr'>qua</span> <span class='ocrx_word' id='word_1_345' title='bbox 1518 2567 1672 2598; x_wconf 89' lang='lat' dir='ltr'>anchona</span> <span class='ocrx_word' id='word_1_346' title='bbox 1714 2566 1850 2606; x_wconf 88' lang='lat' dir='ltr'>depingi</span> <span class='ocrx_word' id='word_1_347' title='bbox 1886 2565 1994 2597; x_wconf 81' lang='lat' dir='ltr'>tacere</span> <span class='ocrx_word' id='word_1_348' title='bbox 2021 2566 2069 2596; x_wconf 91' lang='lat' dir='ltr'>in—</span> 
     </span>
     <span class='ocr_line' id='line_1_32' title="bbox 248 2627 2066 2670; baseline 0.001 -12"><span class='ocrx_word' id='word_1_349' title='bbox 248 2628 353 2658; x_wconf 86' lang='lat' dir='ltr'>tendit</span> <span class='ocrx_word' id='word_1_350' title='bbox 395 2637 452 2668; x_wconf 85' lang='lat' dir='ltr'>per</span> <span class='ocrx_word' id='word_1_351' title='bbox 494 2637 595 2659; x_wconf 86' lang='lat' dir='ltr'>unum</span> <span class='ocrx_word' id='word_1_352' title='bbox 638 2629 763 2659; x_wconf 87' lang='lat' dir='ltr'>bonum</span> <span class='ocrx_word' id='word_1_353' title='bbox 801 2631 831 2660; x_wconf 87' lang='lat' dir='ltr'>et</span> <span class='ocrx_word' id='word_1_354' title='bbox 869 2629 1053 2669; x_wconf 80' lang='lat' dir='ltr'>perfectum</span> <span class='ocrx_word' id='word_1_355' title='bbox 1092 2630 1290 2670; x_wconf 83' lang='lat' dir='ltr'>magistrum</span> <span class='ocrx_word' id='word_1_356' title='bbox 1329 2629 1359 2659; x_wconf 88' lang='lat' dir='ltr'>in</span> <span class='ocrx_word' id='word_1_357' title='bbox 1398 2631 1467 2659; x_wconf 89' lang='lat' dir='ltr'>arte</span> <span class='ocrx_word' id='word_1_358' title='bbox 1500 2628 1660 2669; x_wconf 88' lang='lat' dir='ltr'>pingendi</span> <span class='ocrx_word' id='word_1_359' title='bbox 1687 2627 1921 2668; x_wconf 81' lang='lat' dir='ltr'>infrascriptas</span> <span class='ocrx_word' id='word_1_360' title='bbox 1948 2628 2066 2664; x_wconf 88' lang='lat' dir='ltr'>bonas,</span> 
     </span>
     <span class='ocr_line' id='line_1_33' title="bbox 247 2690 2065 2731; baseline 0 -11"><span class='ocrx_word' id='word_1_361' title='bbox 247 2690 394 2729; x_wconf 87' lang='lat' dir='ltr'>optimas</span> <span class='ocrx_word' id='word_1_362' title='bbox 419 2692 449 2720; x_wconf 80' lang='lat' dir='ltr'>et</span> <span class='ocrx_word' id='word_1_363' title='bbox 475 2690 642 2730; x_wconf 83' lang='lat' dir='ltr'>perfectas</span> <span class='ocrx_word' id='word_1_364' title='bbox 684 2690 884 2731; x_wconf 84' lang='lat' dir='ltr'>lmmagines</span> <span class='ocrx_word' id='word_1_365' title='bbox 926 2691 1101 2728; x_wconf 86' lang='lat' dir='ltr'>bonorum,</span> <span class='ocrx_word' id='word_1_366' title='bbox 1143 2691 1345 2731; x_wconf 86' lang='lat' dir='ltr'>optimorum</span> <span class='ocrx_word' id='word_1_367' title='bbox 1372 2692 1402 2721; x_wconf 91' lang='lat' dir='ltr'>et</span> <span class='ocrx_word' id='word_1_368' title='bbox 1429 2690 1652 2730; x_wconf 82' lang='lat' dir='ltr'>perfectorum</span> <span class='ocrx_word' id='word_1_369' title='bbox 1679 2690 1840 2727; x_wconf 87' lang='lat' dir='ltr'>colorum,</span> <span class='ocrx_word' id='word_1_370' title='bbox 1866 2690 1964 2721; x_wconf 89' lang='lat' dir='ltr'>etiam</span> <span class='ocrx_word' id='word_1_371' title='bbox 1991 2698 2065 2721; x_wconf 86' lang='lat' dir='ltr'>cuni</span> 
     </span>
     <span class='ocr_line' id='line_1_34' title="bbox 247 2751 2066 2793; baseline 0 -11"><span class='ocrx_word' id='word_1_372' title='bbox 247 2760 364 2782; x_wconf 88' lang='lat' dir='ltr'>azurro</span> <span class='ocrx_word' id='word_1_373' title='bbox 390 2754 420 2783; x_wconf 83' lang='lat' dir='ltr'>et</span> <span class='ocrx_word' id='word_1_374' title='bbox 446 2761 538 2788; x_wconf 82' lang='lat' dir='ltr'>auro,</span> <span class='ocrx_word' id='word_1_375' title='bbox 566 2752 722 2783; x_wconf 85' lang='lat' dir='ltr'>videlicet</span> <span class='ocrx_word' id='word_1_376' title='bbox 749 2752 896 2793; x_wconf 87' lang='lat' dir='ltr'>Virginis</span> <span class='ocrx_word' id='word_1_377' title='bbox 924 2752 1063 2791; x_wconf 84' lang='lat' dir='ltr'>Mariae,</span> <span class='ocrx_word' id='word_1_378' title='bbox 1101 2752 1173 2784; x_wconf 90' lang='lat' dir='ltr'>lesu</span> <span class='ocrx_word' id='word_1_379' title='bbox 1200 2751 1325 2784; x_wconf 84' lang='lat' dir='ltr'>Christi</span> <span class='ocrx_word' id='word_1_380' title='bbox 1352 2752 1408 2783; x_wconf 83' lang='lat' dir='ltr'>tilii</span> <span class='ocrx_word' id='word_1_381' title='bbox 1435 2752 1486 2783; x_wconf 91' lang='lat' dir='ltr'>sui</span> <span class='ocrx_word' id='word_1_382' title='bbox 1513 2752 1693 2790; x_wconf 79' lang='lat' dir='ltr'>existentis</span> <span class='ocrx_word' id='word_1_383' title='bbox 1731 2752 1761 2782; x_wconf 92' lang='lat' dir='ltr'>in</span> <span class='ocrx_word' id='word_1_384' title='bbox 1799 2754 1875 2783; x_wconf 87' lang='lat' dir='ltr'>actu</span> <span class='ocrx_word' id='word_1_385' title='bbox 1909 2752 2066 2792; x_wconf 88' lang='lat' dir='ltr'>imaginis</span> 
     </span>
     <span class='ocr_line' id='line_1_35' title="bbox 246 2812 2066 2855; baseline 0.001 -11"><span class='ocrx_word' id='word_1_386' title='bbox 246 2813 394 2854; x_wconf 85' lang='lat' dir='ltr'>Virginis</span> <span class='ocrx_word' id='word_1_387' title='bbox 421 2813 548 2844; x_wconf 86' lang='lat' dir='ltr'>Mariae</span> <span class='ocrx_word' id='word_1_388' title='bbox 575 2817 605 2844; x_wconf 90' lang='lat' dir='ltr'>et</span> <span class='ocrx_word' id='word_1_389' title='bbox 633 2813 704 2845; x_wconf 89' lang='lat' dir='ltr'>lesu</span> <span class='ocrx_word' id='word_1_390' title='bbox 725 2812 850 2845; x_wconf 90' lang='lat' dir='ltr'>Christi</span> <span class='ocrx_word' id='word_1_391' title='bbox 877 2815 1058 2845; x_wconf 86' lang='lat' dir='ltr'>existentis</span> <span class='ocrx_word' id='word_1_392' title='bbox 1094 2815 1136 2845; x_wconf 90' lang='lat' dir='ltr'>ad</span> <span class='ocrx_word' id='word_1_393' title='bbox 1174 2814 1276 2846; x_wconf 89' lang='lat' dir='ltr'>altare</span> <span class='ocrx_word' id='word_1_394' title='bbox 1313 2814 1566 2855; x_wconf 85' lang='lat' dir='ltr'>magnificorum</span> <span class='ocrx_word' id='word_1_395' title='bbox 1593 2812 1666 2845; x_wconf 94' lang='lat' dir='ltr'>DD.</span> <span class='ocrx_word' id='word_1_396' title='bbox 1703 2814 1745 2845; x_wconf 90' lang='lat' dir='ltr'>de</span> <span class='ocrx_word' id='word_1_397' title='bbox 1783 2812 1950 2851; x_wconf 88' lang='lat' dir='ltr'>Sachetis,</span> <span class='ocrx_word' id='word_1_398' title='bbox 1987 2823 2066 2845; x_wconf 88' lang='lat' dir='ltr'>con-</span> 
     </span>
     <span class='ocr_line' id='line_1_36' title="bbox 246 2874 2066 2916; baseline 0.001 -10"><span class='ocrx_word' id='word_1_399' title='bbox 246 2877 407 2907; x_wconf 88' lang='lat' dir='ltr'>structum</span> <span class='ocrx_word' id='word_1_400' title='bbox 436 2875 466 2906; x_wconf 88' lang='lat' dir='ltr'>in</span> <span class='ocrx_word' id='word_1_401' title='bbox 494 2875 582 2906; x_wconf 88' lang='lat' dir='ltr'>dicta</span> <span class='ocrx_word' id='word_1_402' title='bbox 607 2876 751 2907; x_wconf 87' lang='lat' dir='ltr'>ecclesia</span> <span class='ocrx_word' id='word_1_403' title='bbox 778 2874 809 2907; x_wconf 87' lang='lat' dir='ltr'>S.</span> <span class='ocrx_word' id='word_1_404' title='bbox 838 2875 943 2913; x_wconf 80' lang='lat' dir='ltr'>Pauli,</span> <span class='ocrx_word' id='word_1_405' title='bbox 970 2878 1001 2907; x_wconf 88' lang='lat' dir='ltr'>et</span> <span class='ocrx_word' id='word_1_406' title='bbox 1027 2874 1058 2907; x_wconf 88' lang='lat' dir='ltr'>S.</span> <span class='ocrx_word' id='word_1_407' title='bbox 1087 2875 1349 2914; x_wconf 83' lang='lat' dir='ltr'>Bartholomaei‚</span> <span class='ocrx_word' id='word_1_408' title='bbox 1375 2878 1405 2907; x_wconf 93' lang='lat' dir='ltr'>et</span> <span class='ocrx_word' id='word_1_409' title='bbox 1432 2874 1464 2908; x_wconf 92' lang='lat' dir='ltr'>S.</span> <span class='ocrx_word' id='word_1_410' title='bbox 1492 2875 1645 2907; x_wconf 87' lang='lat' dir='ltr'>Marthae</span> <span class='ocrx_word' id='word_1_411' title='bbox 1681 2885 1699 2906; x_wconf 86' lang='lat' dir='ltr'>a</span> <span class='ocrx_word' id='word_1_412' title='bbox 1733 2876 1833 2907; x_wconf 88' lang='lat' dir='ltr'>latere</span> <span class='ocrx_word' id='word_1_413' title='bbox 1859 2876 1969 2916; x_wconf 90' lang='lat' dir='ltr'>ipsius</span> <span class='ocrx_word' id='word_1_414' title='bbox 1994 2875 2066 2907; x_wconf 92' lang='lat' dir='ltr'>Vir-</span> 
     </span>
     <span class='ocr_line' id='line_1_37' title="bbox 245 2930 2064 2979; baseline 0.001 -11"><span class='ocrx_word' id='word_1_415' title='bbox 245 2938 334 2979; x_wconf 89' lang='lat' dir='ltr'>ginis</span> <span class='ocrx_word' id='word_1_416' title='bbox 372 2937 512 2975; x_wconf 84' lang='lat' dir='ltr'>Mariae,</span> <span class='ocrx_word' id='word_1_417' title='bbox 550 2938 650 2968; x_wconf 87' lang='lat' dir='ltr'>modo</span> <span class='ocrx_word' id='word_1_418' title='bbox 689 2946 756 2978; x_wconf 85' lang='lat' dir='ltr'>quo</span> <span class='ocrx_word' id='word_1_419' title='bbox 793 2946 908 2979; x_wconf 82' lang='lat' dir='ltr'>supra,</span> <span class='ocrx_word' id='word_1_420' title='bbox 934 2940 964 2969; x_wconf 87' lang='lat' dir='ltr'>et</span> <span class='ocrx_word' id='word_1_421' title='bbox 991 2940 1090 2978; x_wconf 89' lang='lat' dir='ltr'>prout</span> <span class='ocrx_word' id='word_1_422' title='bbox 1126 2947 1240 2978; x_wconf 82' lang='lat' dir='ltr'>supra,</span> <span class='ocrx_word' id='word_1_423' title='bbox 1266 2947 1307 2969; x_wconf 89' lang='lat' dir='ltr'>eo</span> <span class='ocrx_word' id='word_1_424' title='bbox 1334 2939 1364 2969; x_wconf 88' lang='lat' dir='ltr'>in</span> <span class='ocrx_word' id='word_1_425' title='bbox 1391 2930 1471 2969; x_wconf 75' lang='lat' dir='ltr'>casu</span> <span class='ocrx_word' id='word_1_426' title='bbox 1509 2938 1664 2978; x_wconf 85' lang='lat' dir='ltr'>gravavit</span> <span class='ocrx_word' id='word_1_427' title='bbox 1689 2940 1720 2969; x_wconf 89' lang='lat' dir='ltr'>et</span> <span class='ocrx_word' id='word_1_428' title='bbox 1746 2940 1864 2979; x_wconf 88' lang='lat' dir='ltr'>gravat</span> <span class='ocrx_word' id='word_1_429' title='bbox 1901 2938 2064 2969; x_wconf 86' lang='lat' dir='ltr'>haeredes</span> 
     </span>
     <span class='ocr_line' id='line_1_38' title="bbox 246 2999 2063 3041; baseline 0.001 -11"><span class='ocrx_word' id='word_1_430' title='bbox 246 3008 329 3031; x_wconf 90' lang='lat' dir='ltr'>suos</span> <span class='ocrx_word' id='word_1_431' title='bbox 370 2999 581 3031; x_wconf 87' lang='lat' dir='ltr'>universales</span> <span class='ocrx_word' id='word_1_432' title='bbox 621 3000 812 3039; x_wconf 88' lang='lat' dir='ltr'>descriptos</span> <span class='ocrx_word' id='word_1_433' title='bbox 839 3000 869 3030; x_wconf 87' lang='lat' dir='ltr'>in</span> <span class='ocrx_word' id='word_1_434' title='bbox 895 3000 986 3031; x_wconf 89' lang='lat' dir='ltr'>dicto</span> <span class='ocrx_word' id='word_1_435' title='bbox 1026 3001 1228 3031; x_wconf 87' lang='lat' dir='ltr'>testamento</span> <span class='ocrx_word' id='word_1_436' title='bbox 1269 3002 1386 3041; x_wconf 87' lang='lat' dir='ltr'>rogato</span> <span class='ocrx_word' id='word_1_437' title='bbox 1424 3001 1457 3030; x_wconf 91' lang='lat' dir='ltr'>ut</span> <span class='ocrx_word' id='word_1_438' title='bbox 1490 3008 1593 3040; x_wconf 87' lang='lat' dir='ltr'>supra</span> <span class='ocrx_word' id='word_1_439' title='bbox 1619 3000 1698 3031; x_wconf 88' lang='lat' dir='ltr'>mihi</span> <span class='ocrx_word' id='word_1_440' title='bbox 1725 2999 1866 3037; x_wconf 85' lang='lat' dir='ltr'>notario,</span> <span class='ocrx_word' id='word_1_441' title='bbox 1892 3009 1931 3031; x_wconf 89' lang='lat' dir='ltr'>ac</span> <span class='ocrx_word' id='word_1_442' title='bbox 1957 2999 2063 3031; x_wconf 90' lang='lat' dir='ltr'>voluit</span> 
     </span>
     <span class='ocr_line' id='line_1_39' title="bbox 245 3061 2064 3103; baseline 0.001 -11"><span class='ocrx_word' id='word_1_443' title='bbox 245 3064 276 3093; x_wconf 86' lang='lat' dir='ltr'>et</span> <span class='ocrx_word' id='word_1_444' title='bbox 303 3061 373 3093; x_wconf 88' lang='lat' dir='ltr'>vult</span> <span class='ocrx_word' id='word_1_445' title='bbox 399 3061 490 3101; x_wconf 87' lang='lat' dir='ltr'>quod</span> <span class='ocrx_word' id='word_1_446' title='bbox 531 3061 609 3093; x_wconf 87' lang='lat' dir='ltr'>dicti</span> <span class='ocrx_word' id='word_1_447' title='bbox 652 3062 814 3093; x_wconf 85' lang='lat' dir='ltr'>haeredes</span> <span class='ocrx_word' id='word_1_448' title='bbox 857 3061 1069 3093; x_wconf 87' lang='lat' dir='ltr'>universales</span> <span class='ocrx_word' id='word_1_449' title='bbox 1105 3061 1335 3102; x_wconf 87' lang='lat' dir='ltr'>supradictam</span> <span class='ocrx_word' id='word_1_450' title='bbox 1373 3062 1561 3093; x_wconf 88' lang='lat' dir='ltr'>anchonam</span> <span class='ocrx_word' id='word_1_451' title='bbox 1587 3070 1661 3093; x_wconf 87' lang='lat' dir='ltr'>cum</span> <span class='ocrx_word' id='word_1_452' title='bbox 1688 3061 1787 3093; x_wconf 87' lang='lat' dir='ltr'>dictis</span> <span class='ocrx_word' id='word_1_453' title='bbox 1825 3061 2064 3103; x_wconf 77' lang='lat' dir='ltr'>inimaginibus</span> 
     </span>
    </p>
   </div>
  </div>
 </body>
</html>
