2305 3407
1936 139 2000 171 287

912 320 1263 360 CMLXXXI.

269 431 403 458 Laurea
427 429 460 458 in
485 429 636 465 teologia
660 429 696 458 di
721 429 808 458 frate
834 429 950 458 Pietro
977 428 1142 457 Giacomo
1172 429 1349 458 Eleuterio
1375 430 1418 458 da
1443 430 1585 462 Pesaro,

857 551 996 583 1561,
1016 551 1217 583 aprile,
1237 551 1314 576 17.

729 667 796 687 Arch.
813 667 894 687 Notar.
911 666 932 687 di
950 666 1020 687 Pavia
1035 677 1060 680 —
1076 666 1123 687 Atti
1140 666 1161 687 di
1178 666 1236 687 Gian
1254 666 1356 687 Antonio
1372 666 1466 692 Segnm.

200 837 202 869 ’ί
256 848 371 963 A
423 803 594 895 pNTONlUS
619 861 800 901 Scaruffus,
817 863 897 894 iuris
916 863 1090 903 utriusque
1105 863 1222 895 doctor
1250 864 1364 895 rev.mi
1385 864 1415 894 in
1434 862 1571 896 Christo
1587 864 1690 904 patris
1708 867 1739 895 et
1766 864 1855 895 ill.mi
1876 864 2001 895 domini

423 944 424 954 i
451 926 576 957 domini
603 925 646 957 Io.
674 926 857 958 Hieronimi
883 926 924 957 de
951 925 1077 959 Rubeis
1104 925 1164 957 Dei
1190 928 1221 957 et
1246 924 1465 966 Apostolicae
1491 924 1590 957 Sedis
1619 926 1724 966 gratia
1751 926 1910 966 Episcopi
1945 935 2003 966 pa-

200 1014 242 1023 ,j
386 1021 390 1022 ⁷
422 990 424 1023 l
451 989 580 1028 piensis
616 990 647 1020 et
679 989 829 1026 comitis,
863 998 922 1020 nec
957 998 1022 1020 non
1060 989 1288 1020 florentissimi
1327 989 1501 1019 ticinensis
1534 986 1723 1029 Gymnasii‚
1748 988 1938 1028 apostolico
1972 991 2001 1019 et

178 1049 341 1089 imperiali
369 1050 556 1091 privilegiis
582 1049 782 1083 Cancellarii
810 1051 1024 1086 meritissimi,
1052 1050 1206 1082 Vicarius
1231 1053 1263 1082 et
1289 1050 1538 1082 Locumtenens
1564 1049 1741 1082 Generalis
1767 1059 1804 1081 ac
1844 1050 2003 1081 Vicecan-

177 1111 333 1143 cellarius
349 1112 539 1152 specialiter
552 1113 747 1153 deputatus,
763 1114 931 1144 universis
946 1115 978 1144 et
996 1113 1141 1153 singulis
1160 1116 1334 1153 presentes
1350 1113 1553 1153 inspecturis
1571 1113 1712 1144 salutem
1729 1115 1759 1143 et
1779 1113 1998 1143 reverentiam

179 1176 245 1205 tam
270 1174 417 1205 debitam
444 1183 544 1215 quam
572 1175 741 1206 devotam.

269 1235 338 1267 Etsi
365 1237 514 1268 omnium
553 1246 613 1277 pro
639 1237 778 1268 scientie
813 1238 991 1278 margarita
1016 1234 1091 1275 (etc.
1118 1245 1220 1277 segne
1250 1237 1274 1268 il
1298 1239 1380 1268 tecto
1414 1245 1504 1268 come
1533 1236 1586 1268 nel
1617 1236 1811 1267 documento
1841 1237 1932 1271 1561,
1958 1236 2004 1268 20

177 1298 358 1334 novembre,
377 1299 449 1330 sino
475 1297 530 1337 a):
557 1297 643 1331 Cum
670 1300 782 1339 itaque
801 1299 944 1331 dilectus
963 1300 993 1330 in
1013 1297 1150 1330 Christo
1169 1301 1264 1339 pater
1283 1298 1525 1330 baccalaureus
1544 1299 1703 1339 magister
1721 1297 1840 1329 Petrus
1859 1297 2002 1329 lacobus

179 1345 367 1392 Eleu-terius
400 1361 634 1401 pisauriensis,
661 1360 799 1393 Ordinis
834 1361 1077 1393 Heremitarum
1111 1362 1218 1393 sancti
1258 1361 1449 1401 Augustini,
1477 1362 1553 1401 post
1585 1363 1680 1392 actus
1707 1360 1908 1392 scolasticos
1946 1369 2003 1401 per

175 1431 251 1453 eum
277 1425 497 1454 consumatos
523 1423 554 1454 in
582 1422 799 1460 Bononiensi,
827 1422 991 1454 Patavino
1017 1425 1047 1454 et
1072 1423 1147 1454 aliis
1178 1424 1281 1454 variis
1307 1423 1429 1454 studiis
1448 1423 1534 1454 dicte
1555 1422 1751 1463 Religionis,
1770 1423 1834 1453 sub
1853 1422 1999 1463 singulis

178 1484 402 1525 infrascriptis
429 1485 622 1516 reverendis
649 1485 801 1525 patribus
827 1494 920 1516 sacre
946 1485 1114 1526 theologie
1133 1486 1333 1517 doctoribus
1363 1486 1463 1516 huius
1488 1485 1595 1516 almae
1623 1484 1863 1517 Universitatis
1888 1485 2004 1516 arduis

179 1546 417 1586 questionibus
455 1547 486 1577 in
524 1546 680 1578 facultate
718 1547 909 1587 theologiae
946 1547 1176 1587 responderit,
1211 1547 1367 1587 aliosque
1405 1550 1501 1579 actus
1536 1547 1766 1578 baccalaureis
1804 1556 1863 1587 pro
1897 1546 2003 1578 forma

179 1608 368 1649 legentibus
395 1609 626 1640 incumbentes
653 1609 865 1640 laudabiliter
890 1610 1086 1647 exercuerit,
1112 1612 1143 1641 et
1172 1610 1389 1650 postmodum
1409 1619 1519 1641 coram
1554 1610 1653 1641 nobis
1691 1618 1748 1650 per
1775 1609 2002 1640 venerandum

178 1669 368 1711 Collegium
394 1671 655 1702 reverendorum
681 1679 775 1702 sacre
793 1671 983 1712 theologiae
1002 1671 1178 1703 doctorum
1198 1672 1355 1703 videlicet
1374 1673 1609 1713 magistrorum
1632 1672 1815 1703 Hieronimi
1842 1671 2004 1712 Veggiole

179 1733 220 1764 de
258 1732 429 1764 Placentia
463 1732 602 1765 Ordinis
635 1732 827 1770 Servorum,
852 1734 982 1771 decani,
1010 1733 1210 1775 Archangeli
1251 1733 1474 1765 Lanfranconi
1509 1733 1647 1765 Ordinis
1685 1732 1941 1765 Carmelitarum
1973 1736 2003 1764 et

180 1794 290 1826 iacobi
318 1794 466 1836 Philippi
493 1795 534 1827 de
560 1795 762 1827 Marchesiis
788 1794 928 1827 Ordinis
955 1796 1124 1827 Minorum
1152 1795 1448 1834 ConventuaIium,
1475 1799 1703 1836 promotorum
1731 1805 1879 1833 suorum,
1915 1795 2005 1826 Mar-

180 1857 207 1888 ci
227 1856 362 1888 Antonii
389 1858 429 1888 de
447 1856 675 1895 Guidobonis,
694 1857 828 1889 Ioannis
854 1858 895 1889 de
922 1858 1044 1889 Tertiis
1063 1858 1102 1889 de
1131 1857 1295 1899 Pergamo
1313 1859 1393 1890 dicti
1419 1857 1559 1890 Ordinis
1578 1858 1746 1889 Minorum
1773 1860 1803 1888 et
1829 1857 2002 1889 Benedicti

178 1920 220 1951 de
246 1918 387 1951 Genova
413 1919 553 1952 Ordinis
579 1918 835 1952 Carmelitarum
862 1921 893 1951 in
928 1929 1022 1951 sacra
1055 1921 1225 1962 theologia
1252 1921 1421 1953 licentiati,
1451 1921 1494 1952 ad
1527 1930 1669 1952 examen
1705 1920 2002 1952 baccalaureorum

177 1981 220 2012 ad
247 1982 475 2022 magisterium
501 1983 722 2023 aspirantium
748 1983 901 2023 rigorose
927 1983 1141 2014 examinatus
1174 1982 1273 2014 fuerit
1297 1980 1372 2022 (etc.
1398 1992 1500 2023 segue
1532 1992 1623 2014 come
1655 1982 1708 2014 nel
1740 1982 1934 2014 documento
1959 1982 2005 2013 20

178 2045 354 2076 novembre
382 2045 475 2082 1561,
500 2045 572 2076 sitzo
598 2043 654 2083 a):
682 2043 804 2076 Datum
831 2047 862 2076 et
887 2047 996 2076 actum
1024 2044 1138 2085 Papie,
1165 2046 1196 2076 in
1230 2045 1306 2076 aula
1340 2054 1459 2085 magna
1494 2045 1701 2085 episcopalis
1738 2044 1864 2084 palatii,
1891 2044 1943 2075 siti
1971 2044 2001 2074 in

180 2106 280 2138 Porta
306 2105 460 2143 Pertusii,
488 2105 654 2138 Parochia
680 2107 787 2138 sancti
821 2105 958 2147 Georgii
979 2107 1010 2137 in
1038 2106 1211 2144 Fenarolo,
1231 2107 1296 2138 sub
1314 2115 1402 2138 anno
1417 2106 1612 2137 Nativitatis
1631 2105 1806 2137 Dominice
1826 2106 2002 2137 millesimo

179 2169 451 2210 quingentesimo
477 2169 694 2209 sexagesimo
728 2169 845 2209 prim0,
872 2169 1035 2200 inditione
1061 2170 1188 2209 quarta,
1216 2168 1270 2199 die
1304 2177 1384 2199 vero
1418 2168 1506 2199 iovis
1539 2168 1668 2198 decima
1695 2167 1839 2207 septima
1877 2167 2002 2198 mensis

173 2231 301 2272 aprilis,
328 2231 408 2262 hora
435 2239 652 2271 vesperarum
679 2231 730 2262 vel
749 2231 848 2268 circa,
868 2231 1085 2271 presentibus
1102 2239 1172 2262 rev.
1192 2230 1248 2261 dd.
1269 2230 1358 2261 fratr.
1378 2230 1560 2261 Theodoro
1577 2228 1681 2261 Costa
1701 2230 1864 2270 papiense
1883 2229 2002 2261 bacca-

174 2293 288 2325 laureo
314 2291 453 2325 Ordinis
480 2292 651 2324 Minorum
670 2291 966 2329 Conventualium,
986 2291 1068 2323 lulio
1086 2292 1127 2324 de
1165 2292 1410 2323 Montefortino
1428 2291 1509 2324 Ord.
1544 2291 1676 2323 Herem.
1695 2292 1800 2323 sancti
1820 2290 1999 2333 Augustini

177 2357 210 2387 et
234 2355 427 2387 venerabile
450 2355 589 2387 domino
613 2354 712 2386 fratre
739 2354 855 2386 Blasio
880 2354 921 2386 de
946 2354 1059 2386 Verris
1085 2354 1127 2386 de
1157 2353 1262 2394 Papia
1288 2352 1426 2386 Ordinis
1444 2352 1639 2392 Servorum,
1658 2354 1735 2385 inde
1761 2353 1917 2391 testibus,
1939 2355 2000 2385 etc.
