2305 3407
263 156 324 188 192

258 290 368 321 nerale
394 293 424 320 et
451 288 645 320 Difinitores
671 288 823 319 eiusdem
850 286 998 328 Capituli
1026 287 1216 318 ordinatum
1243 290 1273 318 et
1299 287 1473 318 definitum
1499 286 1560 317 fuit
1586 285 1678 326 quod
1704 294 1823 317 omnes
1848 285 1967 317 fratres
1993 285 2072 317 dicti

257 351 397 384 Ordinis
423 352 586 382 habentes
612 355 642 382 et
669 349 823 382 tenentes
850 351 937 381 bona
964 350 1098 381 stabilia
1125 352 1155 381 et
1181 358 1239 381 seu
1279 349 1474 386 immobilia,
1512 351 1701 380 tenerentur
1727 352 1757 380 et
1783 348 1922 388 obligati
1948 352 2074 383 essent,

257 415 321 445 sub
348 414 445 454 penis
470 414 638 444 contentis
665 413 695 444 in
723 413 797 453 ipsa
838 413 1035 444 definitione
1077 412 1154 443 dicti
1193 410 1341 452 Capituli
1383 410 1572 448 Generalis,
1613 411 1835 442 donacionem
1863 411 1947 441 inter
1972 411 2072 441 vivos

257 484 374 516 puram
400 478 432 506 et
458 483 580 506 meram
608 474 716 506 facere
743 475 807 514 ipsi
835 474 1040 506 monasterio
1065 474 1163 505 cuius
1188 473 1245 504 filii
1272 474 1433 510 existunt,
1453 473 1484 504 in
1505 473 1609 504 forma
1629 473 1753 510 debita,
1773 475 1944 504 reservato
1962 474 2073 503 tamen

256 547 388 578 semper
415 537 589 569 usufructu
627 537 793 568 dictorum
833 537 997 567 bonorum
1033 536 1254 567 immobilium
1282 538 1352 567 toto
1378 538 1528 576 tempore
1554 536 1619 567 vite
1644 535 1808 572 eiusdem,
1835 535 1875 566 de
1902 544 1969 575 quo
1995 543 2074 566 usu-

256 601 362 632 fructu
390 601 523 640 possint
549 605 580 631 et
607 600 741 631 valeant
767 599 852 631 tales
877 600 1045 630 donantes
1071 599 1253 639 disponere
1280 607 1340 639 pro
1365 607 1479 630 eorum
1507 598 1602 629 libito
1635 598 1820 629 voluntatis
1845 601 1876 628 et
1902 606 1960 629 seu
1987 597 2072 628 circa

255 663 304 694 eis
331 663 556 694 necessaria...
582 661 682 693 frater
710 662 908 693 Laurentius
933 662 974 692 de
1001 660 1106 702 Papia
1133 660 1311 701 professus
1326 661 1404 692 dicti
1420 660 1560 692 Ordinis
1578 669 1616 692 ac
1635 661 1724 691 filius
1743 660 1936 691 monasterii
1964 660 2072 691 sancti

256 724 435 765 Augustini
464 723 603 764 Papie...
630 727 801 764 tamquam
843 724 1036 755 obedientie
1078 723 1168 754 filius
1194 726 1224 754 et
1250 723 1291 754 de
1319 723 1391 763 ipsa
1418 722 1613 754 definitione
1655 722 1805 753 notitiam
1832 724 1862 752 et
1895 721 2070 753 scientiam

257 788 419 818 liabens...
446 787 597 823 donavit,
624 787 725 817 cessit
751 789 782 817 et
809 786 1011 817 transtulit...
1052 786 1238 817 reverendo
1275 785 1413 816 domino
1450 785 1610 826 magistro
1637 784 1679 816 lo.
1707 784 1858 825 Baptiste
1884 783 2070 815 Veronensi

256 858 351 880 sacre
378 850 500 890 pagine
527 849 713 889 professori
741 852 772 880 et
798 849 992 880 monasterii
1019 849 1126 880 sancti
1155 848 1334 889 Augustini
1362 847 1467 888 Papie
1494 847 1611 885 Priori,
1651 848 1774 879 ibidem
1813 847 1970 887 presenti,
1995 849 2074 878 tutte

255 912 283 943 le
308 914 386 942 tem·
411 911 469 942 clze
495 911 519 942 il
543 911 701 942 donatore
723 911 881 951 possiede
906 911 959 941 nel
983 911 1141 942 terrilon'o
1167 911 1201 942 ιιί”
1227 909 1389 943 Garlasco
1415 911 1449 942 αι’
1473 910 1664 945 Lomellimr,
1691 910 1778 942 della
1804 911 1926 941 misum
1952 909 1986 940 di
2013 909 2076 941 100

251 973 404 1014 perliclw.
431 973 702 1004 riservandosene
727 972 748 1004 l'
761 972 933 1011 usufrutlo.

951 1190 1386 1231 DCCCLXXXII.

342 1310 369 1337 Il
396 1310 630 1338 Procuratore
657 1310 691 1338 di
718 1310 752 1338 S.
782 1310 892 1338 Paolo
917 1318 1006 1346 paga
1032 1309 1175 1337 l'annuo
1201 1317 1333 1337 canone
1359 1309 1393 1337 di
1420 1309 1485 1337 due
1512 1309 1624 1337 libbre
1651 1308 1832 1337 d'incenso
1858 1308 1928 1337 alla
1951 1317 2072 1337 mensa

253 1363 435 1391 vescovile
462 1363 496 1391 di
523 1363 648 1391 Pavia.

867 1459 1005 1483 1540
1016 1474 1030 1491 ‚
1063 1458 1323 1491 ge1111e110
1334 1474 1348 1489 ‚
1382 1461 1416 1483 1(
1426 1460 1458 1483 ).

797 1557 874 1580 (Arcu.
892 1557 971 1577 Notat.
988 1557 1009 1577 di
1027 1556 1097 1577 Pavia
1112 1568 1135 1570 ἡ
1152 1556 1199 1577 Atti
1216 1556 1237 1576 di
1254 1555 1312 1576 Giau
1328 1555 1429 1576 Antonio
1445 1555 1535 1580 Poggi:

359 1761 406 1876 Ι
502 1778 524 1804 Ν
551 1782 631 1804 casa
656 1772 806 1809 Pizzoni,
833 1774 864 1804 in
890 1772 1091 1804 parroechia
1116 1773 1150 1804 cii
1186 1771 1219 1805 S.
1245 1772 1354 1804 Maria
1380 1773 1411 1803 in
1437 1771 1579 1803 Ρενίὶειι.
1623 1771 1709 1804 Glari
1749 1771 1882 1803 Albetto
1919 1772 2074 1803 Morasco

523 1836 634 1867 notuit)
660 1845 676 1867 e
701 1835 891 1867 cancelliere
916 1834 1004 1866 della
1032 1833 1130 1867 Curia
1163 1835 1329 1866 Vescovile
1346 1835 1494 1866 (Heluam
1514 1843 1633 1866 versus
1652 1835 1825 1866 dominum
1852 1834 1985 1866 fratrem
2013 1833 2076 1866 Pa-

315 1936 318 1937 ⁷
386 1936 390 1937 ⁷
439 1936 443 1937 ⁷
522 1899 653 1930 cificum
681 1898 721 1929 de
747 1896 936 1929 Garlasclio
962 1897 1130 1928 sindicum
1161 1899 1191 1928 et
1221 1900 1471 1938 procuratorem
1513 1898 1706 1928 monasterii
1737 1896 1770 1929 S.
1805 1896 1933 1928 Pauli...
1961 1895 2074 1938 Papie,

253 1963 286 1994 (li
310 1971 390 1994 aver
412 1962 454 1994 da
480 1962 527 1993 lui
550 1962 693 1992 rIcevuto
719 1960 823 1991 libras
849 1962 993 2000 quatuor
1019 1960 1126 1991 thuris
1153 1960 1225 1991 sive
1253 1960 1414 1991 incensi...
1440 1969 1500 2000 pro
1526 1960 1604 1992 ficto
1629 1968 1792 1991 annorum
1834 1960 1976 1991 duorum
2003 1959 2075 1990 fini-

252 2028 360 2056 torum
388 2025 419 2055 in
447 2024 534 2056 festo
562 2024 668 2055 saneti
696 2022 757 2055 Siri
787 2023 940 2063 proxime
982 2023 1150 2062 preterito7
1185 2023 1370 2054 occaxione
1397 2023 1462 2054 ficti
1489 2031 1548 2054 seu
1575 2031 1699 2054 census
1725 2031 1782 2063 per
1808 2023 1918 2063 ipsum
1960 2031 2076 2054 mona—

251 2088 388 2119 sterium
416 2087 520 2118 debiti
550 2087 772 2127 Episcopatui
801 2086 957 2126 papiensi
977 2082 1038 2123 (1).

310 2272 340 2295 tl)
355 2270 403 2292 Con
420 2274 470 2292 utto
486 2271 547 2291 «lello
562 2274 641 2291 stesso
657 2271 735 2291 notaio
752 2277 781 2291 un
798 2271 871 2291 simile
895 2272 1036 2296 paganicum
1052 2270 1073 2290 di
1090 2269 1134 2290 duc
1191 2269 1293 2295 presenti
1309 2270 1344 2290 col
1361 2269 1440 2290 l’riore
1455 2270 1527 2290 anche
1543 2269 1614 2290 frater
1629 2269 1738 2290 Nicolaus
1755 2269 1782 2290 dc
1799 2269 1870 2294 Papia
1880 2269 1988 2295 vicarius,
1999 2268 2070 2290 frater

258 2316 330 2336 libbrc
346 2316 470 2336 d'inccnso
495 2322 532 2336 cra
558 2318 621 2336 stato
646 2315 705 2335 fatto
730 2315 766 2335 ‹lnl
784 2318 936 2340 procuratore
952 2315 973 2334 di
990 2314 1012 2334 St
1031 2314 1101 2335 l'aolo
1117 2314 1137 2334 :ii
1195 2314 1225 2334 10.
1243 2314 1358 2334 Antonius
1373 2314 1400 2334 de
1417 2313 1524 2339 Sczadio,
1548 2314 1619 2334 trater
1641 2313 1748 2335 Clemens
1764 2313 1791 2334 de
1808 2313 1888 2339 Papia,
1911 2313 1981 2335 frater
1997 2314 2071 2335 Theo-

260 2362 282 2380 Η
298 2361 423 2381 novembre
442 2361 490 2381 ¹5:³7
524 2360 566 2381 l’cr
591 2362 676 2385 questo
701 2366 771 2380 censo
797 2360 847 2380 verli
869 2360 882 2380 il
899 2360 1040 2380 doctum-nto
1057 2359 1092 2379 del
1111 2360 1134 2378 lt)
1189 2359 1266 2384 philus
1282 2359 1310 2379 de
1326 2358 1416 2381 ereum.
1434 2358 1504 2379 frater
1521 2359 1550 2379 lov
1569 2358 1647 2379 Bonus
1659 2359 1686 2379 tle
1703 2358 1776 2379 Gaido
1792 2361 1813 2379 et
1831 2358 1901 2379 frater
1917 2358 2031 2383 Georgius
2042 2358 2070 2379 de

260 2406 332 2430 aprile
351 2406 408 2426 1507.
1195 2403 1277 2428 ssrisia,
1294 2403 1332 2429 piu
1349 2403 1370 2423 di
1387 2403 1431 2424 duc
1447 2403 1504 2424 terzi
1521 2403 1555 2423 del
1573 2402 1690 2429 Capitolo,
1706 2403 1724 2423 si
1741 2408 1850 2428 courpera
1873 2408 1913 2428 per
1935 2402 2010 2423 utilita
2033 2402 2070 2423 del

312 2450 336 2470 ΑΙ
356 2452 361 2470 1
381 2456 459 2470 murm
478 2451 535 2475 15111,
552 2456 594 2470 con
610 2452 660 2470 :itto
676 2450 697 2470 di
715 2450 839 2470 (ierolauio
852 2449 900 2471 Rlio
917 2450 936 2469 in
955 2449 1096 2470 monasterio
1112 2448 1134 2469 S.
1192 2448 1315 2469 Com—eruo
1331 2448 1359 2468 da
1376 2448 1505 2469 Francescn
1530 2448 1588 2468 Arici
1614 2448 1635 2468 di
1662 2447 1763 2472 meseia,
1786 2448 1868 2468 libraio
1884 2447 1905 2468 in
1923 2447 2001 2473 Pavia,
2024 2453 2069 2468 una

260 2494 323 2515 l'nuli
341 2499 404 2515 mira
421 2498 442 2515 et
460 2500 532 2520 prope
550 2495 622 2515 menia
641 2494 737 2519 l’apiew
754 2494 858 2514 minnan»
875 2495 887 2514 il
905 2493 1015 2519 Capitolo
1031 2494 1059 2513 de
1072 2499 1133 2513 niun·
1190 2493 1256 2517 νίψω
1274 2494 1294 2513 in
1312 2492 1424 2517 Roucssro,
1441 2493 1462 2513 di
1480 2493 1582 2518 pcrticnc
1597 2492 1630 2516 2⁴,
1647 2498 1687 2517 per
1703 2492 1743 2512 lire
1758 2492 1794 2513 231
1813 2492 1934 2517 imperi-'ili

259 2540 322 2560 dium
338 2557 340 2559 .
358 2539 435 2560 fratris
452 2540 546 2564 Benigni
557 2540 584 2560 tle
595 2539 704 2560 Crenini..
723 2538 816 2561 l‘rioris.
835 2539 869 2558 nel
881 2538 1053 2563 qzinlCnpitolo
1069 2543 1139 2558 erano
