2305 3407
1918 203 1979 233 103

168 337 344 378 papiensis
370 336 562 378 prepositus
589 335 781 366 monasterii
807 336 922 366 sancte
947 332 1067 366 Crucis
1091 335 1175 365 terre
1194 333 1346 365 Mortarii
1366 333 1546 371 Lorneline‚
1565 333 1703 365 Ordinis
1729 333 1979 366 Canonicorum

170 399 384 440 Regularium
410 398 516 430 sancti
543 396 722 438 Augustini
749 395 975 428 Observantie
1001 394 1286 437 Congregationis
1323 395 1569 432 Lateranensis,
1611 397 1748 427 nuntius
1774 398 1804 427 et
1830 397 1982 428 sindicus

168 465 200 493 et
226 464 465 502 procurator....
489 459 662 491 reverendi
701 458 809 490 Patris
847 459 998 492 Rectoris
1034 458 1210 491 Generalis
1243 456 1528 500 Congregationis
1555 459 1800 496 Lateranensis,
1838 460 1893 498 qui
1927 468 1985 490 ex-

169 525 283 565 posuit
308 526 339 555 et
364 524 504 564 exponit
530 521 668 562 prefatis
693 522 840 553 dominis
868 521 971 552 Priori
998 523 1028 553 et
1055 521 1225 553 Fratribus
1252 520 1520 552 Heremitanis....
1547 521 1638 561 quod
1676 523 1802 552 attento
1829 521 1983 561 ingressu

171 586 404 627 possessionis
428 585 516 616 facto
542 593 599 625 per
625 583 773 624 prefatos
809 584 966 615 dominos
1003 582 1198 616 Canonicos
1236 582 1417 623 Regulares
1455 582 1616 614 hodierna
1642 583 1695 614 die
1721 584 1752 613 in
1780 583 1985 614 monasterio

171 651 201 680 et
228 648 371 680 ecclesia
398 647 502 679 sancti
530 645 616 677 Petri
644 646 675 677 in
702 644 785 678 Celo
810 655 912 677 aureo
939 645 1042 686 Papie
1060 643 1154 685 (1)...,
1182 645 1323 676 intendit
1348 646 1379 676 et
1405 645 1475 676 vult
1500 653 1535 676 se
1562 645 1768 676 concordare
1809 654 1882 676 cum
1911 653 1984 684 pre-

173 711 250 742 tatis
275 710 421 741 dominis
447 708 559 740 Priore
585 711 616 739 et
643 707 814 739 Fratribus
841 708 1064 739 Heremitanis
1090 708 1120 738 in
1148 708 1273 739 divinis
1299 707 1420 738 officiis
1438 707 1649 738 celebrandis
1677 707 1706 737 in
1734 707 1820 738 dicta
1843 707 1983 738 ecclesia

173 773 278 804 sancti
305 771 390 803 Petri
417 774 448 802 et
474 771 579 802 sancti
608 770 798 811 Augustini,
826 773 858 801 ut
885 770 1020 801 divinus
1046 770 1157 802 cultus
1183 771 1224 810 ind
1242 770 1315 810 ipsa
1341 770 1484 801 ecclesia
1501 771 1664 810 augeatur
1682 771 1712 800 et
1732 769 1868 800 materia
1887 777 1985 800 scan-

173 835 323 866 dalorum
350 834 483 874 penitus
510 833 710 873 precidatur.
749 832 787 863 Et
825 835 1000 873 propterea
1037 833 1161 864 dicit....
1199 832 1289 873 quod
1316 832 1377 863 fuit
1402 834 1432 863 et
1457 834 1507 863 est
1536 834 1714 863 contentus
1747 831 1838 871 quod
1866 830 1983 871 prefati

173 897 297 928 domini
324 894 486 928 Canonici
514 894 708 935 Regiilares‚
734 898 980 926 commorantes
1007 896 1037 926 in
1064 895 1153 926 dieto
1180 895 1384 926 monasterio
1410 895 1515 926 sancti
1543 893 1641 931 Petri,
1668 894 1782 925 divina
1808 893 1918 924 officia
1936 902 1988 924 ce-

176 960 303 991 lebrent
328 960 358 990 et
385 959 416 989 in
443 958 546 989 choro
572 959 706 989 cantent
731 959 761 989 et
788 957 933 997 psallant
959 958 1057 989 simul
1084 967 1157 988 cum
1184 957 1323 997 prefatis
1349 957 1496 988 dominis
1523 956 1635 988 Priore
1661 959 1692 987 et
1720 956 1890 987 Fratribus
1924 955 1988 986 He-

174 1021 356 1053 remitanis.
385 1020 428 1052 lta
455 1023 564 1051 tamen
592 1020 682 1060 quod
711 1029 767 1060 per
794 1022 982 1060 presentem
1009 1021 1330 1060 protestationem...
1357 1029 1421 1050 non
1453 1019 1592 1050 intendit
1629 1019 1744 1059 aliquo
1781 1018 1883 1049 modo
1908 1027 1987 1049 con-

173 1083 332 1115 trafacere
359 1093 418 1114 nec
443 1083 674 1114 contravenire
700 1083 841 1114 dirrecte
868 1092 926 1113 nec
953 1091 1010 1122 per
1047 1083 1245 1114 indirectum
1284 1082 1401 1113 litteris
1426 1084 1457 1112 et
1483 1081 1584 1112 bullis
1621 1081 1820 1121 apostolicis
1857 1080 1985 1111 eisdem

172 1146 318 1177 dominis
344 1144 528 1177 Canonicis
554 1145 727 1176 concessis
764 1148 795 1176 et
833 1154 972 1184 quarum
1012 1145 1131 1176 virtute
1169 1145 1403 1185 posessionern
1441 1144 1518 1175 dicti
1557 1144 1750 1175 monasterii
1784 1145 1815 1174 et
1847 1142 1987 1174 ecclesie

173 1209 285 1248 adepti
313 1211 399 1239 sunt.
427 1208 465 1238 Et
490 1207 627 1238 aliter..‚.
670 1210 858 1247 presentem
897 1208 1170 1247 protestationem
1208 1206 1358 1238 facturus
1396 1216 1460 1237 non
1487 1206 1616 1237 fuisset.
1644 1206 1682 1237 Et
1709 1206 1796 1242 inde,
1823 1207 1884 1236 etc.
1912 1204 1989 1235 Pre-

175 1271 340 1307 sentibus,
366 1273 428 1302 etc.

902 1443 1268 1484 DCCLXVIII.

266 1554 411 1582 Lascito
437 1554 529 1582 della
555 1553 670 1581 nobile
697 1554 854 1582 Felicina
881 1553 1042 1581 Belcredi
1070 1553 1230 1581 Belbello
1257 1562 1275 1581 a
1302 1554 1423 1581 favore
1450 1553 1484 1581 di
1513 1553 1548 1581 S.
1577 1553 1697 1583 Paolo,

846 1667 982 1695 1518.
1011 1667 1246 1699 gitq-ulo,
1281 1668 1319 1692 1.

738 1756 814 1778 (Ascli.
832 1755 911 1775 Notar.
929 1755 949 1775 ili
967 1755 1036 1776 Pavizi
1052 1767 1074 1769 ἡ
1092 1756 1138 1776 Atti
1156 1756 1176 1775 di
1194 1755 1288 1781 Giorgio
1305 1755 1431 1776 Cristianil.

247 1939 368 2055 N
420 1958 511 1984 ELLA
536 1962 617 1985 casa
643 1953 730 1984 della
755 1954 928 1990 testatffle,
954 1954 985 1984 in
1011 1952 1211 1984 Parrocchia
1236 1952 1270 1984 di
1295 1951 1327 1984 S.
1353 1953 1462 1983 Μανία
1490 1951 1638 1992 Capella.
1671 1953 1878 1983 Testamento
1904 1952 1990 1983 della

441 2016 549 2047 nobile
575 2016 721 2047 FeIIci'na
745 2016 904 2053 Belcredi,
930 2016 983 2047 ciel
1000 2015 1041 2056 su
1066 2015 1238 2051 Riccanlo,
1259 2015 1432 2046 vedovadi
1448 2014 1608 2047 Giacomo
1635 2015 1792 2053 Belbello,
1817 2016 1871 2046 nel
1894 2015 1991 2054 quale

441 2078 573 2109 ordinat
600 2078 690 2117 quod
717 2078 1002 2118 quandocumque
1038 2079 1210 2119 contingat
1237 2079 1344 2118 ipsam
1371 2078 1541 2109 dominam
1580 2079 1779 2109 testatricem
1818 2078 1990 2114 decedere,

177 2138 267 2177 quod
293 2139 365 2170 eius
391 2139 537 2170 cadaver
563 2141 711 2179 portetur
735 2142 766 2171 et
792 2140 973 2180 sepeliatur
1010 2141 1040 2170 in
1079 2140 1220 2171 ecclesia
1257 2142 1446 2172 conventus
1472 2144 1502 2171 et
1529 2141 1720 2172 monasterii
1760 2141 1865 2171 sancti
1895 2139 1988 2171 Pauli

177 2209 281 2240 prope
306 2203 337 2231 et
362 2203 458 2232 extra
485 2200 635 2241 Papiam,
660 2203 711 2232 cui
739 2203 943 2233 monasterio
969 2204 999 2233 et
1024 2203 1204 2233 conventui
1243 2203 1335 2233 dedit
1360 2205 1391 2233 et
1418 2202 1541 2243 legavit
1579 2212 1615 2233 ac
1653 2203 1709 2233 dat
1735 2205 1765 2234 et
1793 2203 1879 2243 legat
1907 2202 1987 2233 illud

178 2263 292 2294 fictum
333 2266 574 2304 perpetuum...
616 2264 778 2295 minarum
819 2265 935 2305 viginti
977 2265 1175 2296 frumenti...
1218 2265 1308 2304 quod
1350 2265 1457 2296 eidem
1498 2265 1641 2296 dabatur
1666 2268 1696 2296 et
1722 2267 1889 2305 prestatur
1930 2274 1987 2305 per

177 2325 347 2365 quondam
374 2326 545 2357 dominum
573 2325 808 2358 Sebastianum
835 2326 875 2358 de
903 2326 1063 2358 Belcredo
1089 2327 1166 2357 olim
1194 2327 1266 2357 eius
1299 2326 1432 2358 fratrem
1459 2328 1489 2357 et
1516 2327 1546 2357 in
1573 2327 1816 2367 presentiarum
1850 2327 1990 2358 debetur

178 2396 236 2427 per
260 2388 333 2418 eius
358 2387 446 2418 tilios
471 2390 503 2419 et
528 2388 714 2419 heredes...
740 2397 907 2428 agravans
945 2388 1055 2420 dictos
1092 2389 1297 2420 reverendos
1335 2388 1466 2420 Fratres
1505 2389 1581 2420 dicti
1620 2391 1807 2420 conventus
1833 2389 1874 2420 ad
1901 2389 1985 2420 cele-

179 2450 341 2480 brandum
369 2450 457 2481 omni
484 2459 572 2481 anno
597 2450 744 2482 officium
773 2460 873 2481 unum
900 2460 917 2482 a
944 2451 1094 2487 mortuis,
1121 2460 1194 2482 cum
1222 2451 1336 2482 missis
1376 2451 1553 2482 duodecim
1591 2451 1708 2482 saltem
1735 2453 1766 2482 et
1793 2452 1896 2483 missa
1923 2461 1986 2483 una

176 2512 206 2542 in
233 2514 344 2550 cantu,
385 2521 517 2552 semper
542 2515 572 2544 et
599 2513 629 2543 in
657 2515 866 2553 perpetuum,
897 2522 957 2553 pro
997 2513 1107 2544 anima
1148 2513 1256 2553 ipsius
1296 2513 1430 2544 domine
1471 2514 1650 2545 testatricis
1688 2516 1718 2545 et
1756 2513 1988 2545 defunctorum

177 2583 314 2605 suorum
332 2572 394 2614 (2).

178 2732 212 2752 cui
228 2732 242 2752 il
258 2731 366 2758 Capitolo
380 2732 481 2754 concede
497 2733 634 2754 investitura
655 2733 782 2754 novennale
798 2733 819 2753 ‹li
836 2738 879 2753 uua
895 2733 962 2758 vigna
979 2733 1000 2753 in
1017 2732 1050 2753 Ρί-
1107 2733 1164 2758 1518,
1180 2732 1228 2753 cioe
1244 2732 1307 2758 dopo
1322 2733 1406 2758 lunghe
1426 2733 1585 2754 controversie
1601 2738 1612 2753 e
1628 2733 1661 2754 liti
1678 2739 1720 2754 con
1737 2734 1751 2754 il
1768 2733 1983 2757 Commendatario,

179 2777 265 2798 narolo.
1103 2777 1144 2798 clie
1160 2777 1258 2798 finirono
1274 2782 1316 2798 con
1333 2783 1362 2798 un
1383 2777 1601 2802 accomodamento,
1623 2778 1664 2798 che
1688 2778 1787 2803 permise
1803 2778 1853 2798 loro
1869 2778 1890 2798 di
1907 2778 1984 2803 pacm-

231 2821 371 2843 Finalrnente
386 2822 406 2842 ai
425 2822 448 2843 19
463 2822 596 2848 novembre,
612 2822 706 2848 quando
722 2822 735 2842 il
752 2822 868 2847 Capitolo,
891 2827 934 2842 con
949 2822 1000 2843 atto
1016 2827 1050 2842 ro·
1105 2823 1210 2842 caniente
1227 2821 1339 2842 rimanere
1355 2821 1390 2842 nel
1406 2821 1535 2847 Convento,
1552 2821 1589 2842 dal
1606 2822 1673 2847 quale
1689 2827 1759 2842 erano
1775 2822 1830 2842 stati
1846 2822 1982 2843 allontanati

179 2866 233 2891 gato
248 2865 277 2886 da
293 2865 401 2887 Riccardo
426 2865 561 2892 Rovescala,
585 2866 686 2887 concede
702 2872 714 2887 a
731 2866 816 2887 Pasino
841 2866 916 2892 Negri.
937 2866 958 2886 in
973 2866 1050 2887 altitio
1105 2866 1140 2887 nel
1159 2866 1216 2892 1509,
1232 2866 1282 2887 cioe
1298 2866 1360 2892 dopo
1376 2866 1389 2886 il
1405 2866 1455 2886 loro
1471 2866 1545 2892 primo
1560 2866 1672 2891 ingresso>
1691 2866 1746 2887 Vedi
1763 2866 1776 2886 il
1794 2866 1935 2887 documento
1946 2866 1982 2886 del

179 2915 218 2936 per
233 2916 291 2931 nove
307 2911 367 2936 anni,
384 2917 442 2932 nove
458 2911 561 2937 perticlie
577 2911 598 2932 di
615 2912 682 2937 vigna
698 2911 719 2932 in
736 2911 867 2937 Redavalle,
885 2912 897 2931 il
915 2911 993 2932 Priore
1008 2911 1020 2931 e
1036 2911 1049 2931 il
1105 2911 1117 2931 6
1132 2911 1225 2931 ottobre
1243 2911 1300 2936 1509,
1325 2911 1352 2931 ed
1379 2911 1451 2931 anche
1467 2911 1480 2931 il
1497 2910 1636 2934 ΡΕΝΝΟΤΤΙ,
1653 2910 1688 2935 111,
1704 2910 1737 2935 36,
1753 2911 1767 2930 il
1784 2911 1852 2936 quale
1869 2916 1908 2936 per
1923 2911 1982 2931 altro

178 2954 282 2975 Maesiro
297 2954 355 2976 irate
370 2955 496 2976 Ottaviano
512 2955 615 2977 Visconti
627 2961 638 2976 e
650 2956 708 2976 nella
724 2955 846 2977 Comuniia
862 2955 967 2981 tigurano
978 2956 1050 2976 anche
1105 2956 1132 2976 lia
1145 2955 1215 2976 mone
1231 2955 1381 2981 inesattezze,
1397 2956 1438 2976 che
1461 2961 1565 2980 possono
1589 2955 1731 2980 correggersi
1757 2955 1791 2975 coi
1815 2955 1888 2975 nostri
1913 2954 1982 2975 docu-

177 2998 235 3020 trate
251 2999 374 3021 Gerolamo
390 3000 484 3021 Bastoni
501 3000 528 3021 ed
545 3006 574 3021 un
590 3000 648 3021 frate
664 3000 804 3021 cherubino.
1107 3000 1184 3020 menti.

229 3043 259 3068 (1)
275 3044 281 3064 l
298 3044 430 3065 Lateranesi
446 3050 491 3066 non
507 3046 622 3071 poterono
646 3045 828 3066 etiettivamente
853 3047 944 3066 entrare
961 3045 981 3065 in
998 3050 1051 3071 pos·
1158 3044 1188 3067 (2)
1203 3043 1245 3065 Gia
1260 3044 1280 3065 ai
1297 3044 1322 3065 23
1337 3044 1442 3065 iebbraio
1458 3044 1493 3065 del
1512 3044 1562 3065 1518
1577 3043 1634 3065 Gian
1652 3044 1752 3064 Luchino
1776 3043 1868 3068 Vocem.
1891 3049 1933 3064 con
1950 3047 1981 3064 te-

176 3093 243 3109 sesso
259 3088 280 3109 di
296 3088 318 3110 S.
336 3088 413 3110 pietro
428 3089 449 3110 in
465 3089 513 3111 Ciel
537 3089 616 3114 d'ore,
641 3095 666 3110 se
691 3095 735 3111 non
751 3090 766 3110 il
780 3090 862 3115 giorno
880 3091 899 3110 ll
917 3089 989 3115 aprile
1013 3089 1049 3109 del
1105 3090 1222 3109 stamento
1238 3090 1321 3115 rogato
1336 3089 1365 3109 da
1382 3089 1494 3110 Damiano
1511 3088 1622 3112 Landoifi,
1643 3087 1743 3108 lasciava
1759 3088 1779 3108 al
1796 3087 1916 3108 Convento
1941 3087 1980 3108 lirc
