2305 3407
235 290 268 318 ut
294 295 396 327 supra
422 295 496 318 cum
523 287 695 317 voluntate
710 287 741 316 et
755 293 924 316 consensu
951 283 1156 324 prefatorum
1172 283 1383 315 dominorum
1410 281 1660 316 Canonicorum
1691 285 1721 315 et
1751 283 1900 315 Fratrum
1927 284 2051 316 ibidem

237 350 442 391 presentium
470 350 503 380 ut
529 356 642 389 supra,
669 357 728 388 pro
755 347 940 379 scandallis
965 346 1134 377 evitandis
1161 348 1191 377 et
1219 349 1251 377 ut
1278 355 1371 378 mens
1409 345 1549 387 praefati
1589 346 1805 378 illustrissimi
1833 346 1958 378 domini
1995 348 2055 379 do-

237 413 315 444 mini
343 411 449 443 Ducis
475 414 664 451 exequatur
688 413 719 442 et
745 410 898 441 effectum
915 410 1083 446 sortiatur,
1098 409 1267 440 ordinavit
1282 411 1313 440 et
1328 409 1460 440 ordinat
1486 409 1577 449 quod
1608 408 1725 449 prefati
1744 409 1870 440 domini
1889 407 2053 442 Canonici

238 478 268 507 et
295 474 425 506 Fratres
451 474 557 506 sancti
586 473 765 513 Augustini
792 471 1029 503 communibus
1044 472 1208 512 expensis
1222 470 1346 502 faciant
1361 479 1419 502 seu
1435 471 1503 502 fieri
1519 470 1643 502 faciant
1658 480 1796 512 capsam
1813 480 1911 503 unam
1927 481 2056 513 ponen-

238 538 314 569 dam
342 538 372 568 in
412 546 478 568 uno
516 537 590 568 loco
627 538 698 567 tuto
735 538 765 566 et
803 543 922 566 securo
960 536 993 565 ut
1031 534 1193 574 placuerit
1234 533 1364 574 prefato
1404 533 1542 564 domino
1579 532 1774 566 Castellano
1810 542 1884 565 cum
1922 534 2056 567 duabus

238 600 404 636 clavibus,
430 600 470 630 de
497 599 622 639 quibus
649 606 747 629 unam
775 596 891 638 prefati
919 597 1045 628 domini
1072 594 1236 628 Canonici
1257 598 1391 627 teneant
1420 598 1450 627 et
1479 596 1615 627 alteram
1646 595 1763 637 prefati
1793 596 1920 628 domini
1939 596 2056 629 fratres

239 662 344 693 sancti
373 661 564 701 Augustini,
592 661 622 691 in
649 669 714 700 qua
741 668 844 700 capsa
871 658 958 690 dicta
985 660 1181 698 paramenta
1219 657 1331 689 oblata
1358 659 1389 688 et
1415 658 1492 689 data
1519 660 1553 689 ut
1577 666 1680 698 supra
1719 659 1796 699 poni
1823 661 1853 690 et
1879 659 2055 699 gubernari

241 725 372 764 possint
398 724 595 760 comuniter,
623 731 686 753 una
712 731 786 753 cum
813 722 888 753 aliis
915 721 1131 762 paramentis,
1148 720 1254 760 pridie
1280 729 1298 752 a
1323 720 1453 761 prefato
1491 720 1720 752 illustrissimo
1757 721 1895 752 domino
1920 721 2058 753 domino

241 786 334 818 Duce
361 795 418 817 seu
445 786 518 817 eius
544 785 676 816 nomine
714 783 842 825 prefate
875 783 1017 815 ecclesie
1055 783 1190 814 donatis
1215 785 1246 814 et
1271 782 1438 820 tradditis‚
1464 782 1505 814 ad
1532 792 1674 814 comune
1711 783 1913 823 obsequium
1951 783 2060 824 prefa-

241 854 347 880 torum
375 849 587 879 dominorum
614 845 863 879 Canonicorum
890 848 921 877 et
948 845 1108 883 Fratrum,
1124 845 1249 885 quibus
1275 846 1373 877 etiam
1393 844 1544 886 prefatus
1562 845 1720 877 dominus
1739 843 1954 877 Castellanus
1973 846 2061 877 ordi-

243 913 333 942 navit
360 914 390 942 et
417 911 549 941 ordinat
576 919 641 940 non
669 918 772 950 posse
799 909 843 940 uti
871 909 940 939 nixi
969 910 1067 948 prout
1093 917 1206 948 supra,
1233 910 1331 948 prout
1357 907 1481 938 ibidem
1509 907 1626 948 prefati
1665 908 1791 939 domini
1829 906 1992 940 Canonici
2030 912 2061 940 et

242 974 373 1005 Fratres
399 973 515 1004 dicunt
541 975 571 1004 et
597 972 797 1003 confitentur
823 974 853 1002 et
880 973 1107 1012 protestantur
1134 979 1211 1001 vera
1238 969 1308 1002 fore
1334 972 1365 1001 et
1391 970 1482 1010 quod
1509 970 1633 1010 aliquis
1663 979 1704 1001 ex
1725 970 1885 1010 predictis
1914 971 2061 1003 dominis

242 1035 427 1068 Canonicis
445 1038 475 1066 et
503 1035 675 1066 Fratribus
701 1043 766 1065 non
794 1034 904 1074 possit
931 1033 1029 1064 dictis
1055 1033 1260 1073 paramentis
1286 1033 1331 1063 uti
1359 1041 1418 1063 ηερ
1444 1032 1566 1064 dictam
1593 1041 1730 1072 capsam
1758 1033 1886 1072 aperire
1905 1042 1965 1064 ηερ
1985 1042 2064 1073 ape-

245 1099 297 1129 riri
325 1098 433 1129 tacere
460 1098 532 1129 sine
560 1098 746 1128 interventu
773 1097 912 1128 alterius
939 1095 1095 1127 habentis
1120 1095 1219 1126 aliam
1246 1094 1386 1126 clavem.

332 1160 408 1192 ltein
435 1169 509 1191 cum
537 1159 710 1190 voluntate
737 1160 767 1190 et
793 1167 963 1190 consensu
992 1160 1026 1189 ut
1051 1166 1154 1198 supra
1181 1157 1272 1197 quod
1300 1158 1326 1189 si
1354 1156 1473 1197 prefati
1501 1157 1627 1188 domini
1654 1155 1818 1188 Canonici
1857 1157 1981 1188 vellent
2018 1157 2062 1188 uti

244 1224 344 1255 dictis
371 1223 576 1264 paramentis
602 1224 632 1254 et
659 1222 749 1262 quod
776 1222 854 1253 dicti
881 1221 1008 1252 domini
1036 1220 1168 1252 Fratres
1209 1220 1314 1252 sancti
1343 1219 1523 1260 Augustini
1557 1221 1752 1250 recusarent
1779 1219 1829 1250 vel
1857 1219 2065 1260 negligentes

243 1286 361 1323 forent,
378 1286 456 1317 dolo
483 1285 535 1316 vel
563 1285 699 1322 malitia,
716 1285 746 1315 in
774 1284 959 1324 aperiendo
984 1292 1058 1314 cum
1085 1291 1200 1314 eorum
1227 1283 1332 1320 clave,
1347 1282 1458 1313 fienda
1485 1283 1519 1313 ut
1537 1290 1651 1322 supra,
1671 1282 1760 1322 quod
1780 1283 1857 1313 tunc
1876 1284 1907 1313 et
1925 1290 1965 1313 eo
1983 1290 2063 1313 casu

245 1348 362 1389 prefati
389 1349 516 1379 domini
545 1347 676 1379 Fratres
702 1347 809 1378 sancti
852 1346 1031 1387 Augustini
1059 1346 1125 1377 sint
1151 1347 1181 1376 et
1207 1347 1400 1376 remaneant
1439 1345 1513 1385 ipso
1540 1345 1609 1376 iure
1635 1346 1666 1375 et
1693 1344 1783 1375 facto
1820 1344 1940 1384 privati
1978 1344 2066 1375 dicta

245 1411 339 1442 clave
365 1413 395 1442 et
421 1410 601 1442 commodo
627 1410 758 1441 fruendi
785 1410 885 1441 dictis
912 1409 1128 1449 paramentis,
1155 1416 1220 1448 que
1239 1407 1271 1438 in
1290 1409 1395 1438 toturn
1422 1408 1617 1438 remaneant
1635 1406 1728 1438 alteri
1758 1407 1842 1446 parti
1872 1406 2067 1444 attendenti,

247 1476 277 1505 et
303 1473 510 1514 adimplenti,
538 1475 570 1504 et
595 1482 612 1504 e
639 1480 807 1504 converso
833 1472 860 1503 si
888 1471 1007 1512 prefati
1036 1471 1162 1502 domini
1201 1468 1365 1502 Canonici
1393 1469 1515 1501 fuerint
1556 1469 1766 1510 negligentes
1791 1477 1850 1500 seu
1877 1471 2069 1500 recusarent

247 1535 338 1567 dollo
366 1535 416 1567 vel
445 1535 569 1566 malitia
596 1535 627 1565 in
655 1534 838 1575 aperiendo
866 1534 987 1565 dictam
1014 1542 1151 1574 capsam
1178 1532 1318 1573 prefatis
1344 1532 1491 1563 dominis
1510 1531 1681 1563 Fratribus
1699 1532 1804 1563 sancti
1824 1530 2003 1572 Augustini
2023 1532 2067 1563 uti

250 1598 444 1629 volentibus
470 1598 570 1628 dictis
597 1597 814 1637 paramentis,
837 1596 927 1637 quod
955 1598 1032 1627 tunc
1059 1598 1090 1627 et
1115 1604 1155 1627 eo
1180 1604 1260 1627 casu
1287 1595 1354 1626 sint
1378 1596 1409 1626 et
1435 1596 1627 1626 remaneant
1653 1595 1728 1634 ipso
1755 1594 1824 1625 iure
1849 1596 1881 1625 et
1898 1593 1986 1625 facto
2006 1594 2071 1634 pri-

250 1661 316 1691 vati
345 1660 433 1691 dicta
460 1660 556 1691 clave
583 1662 614 1690 et
640 1659 820 1690 commodo
847 1658 978 1690 fruendi
1005 1658 1104 1690 dictis
1131 1658 1337 1698 paramentis
1362 1659 1397 1688 ut
1422 1665 1536 1697 supra,
1555 1659 1586 1688 et
1611 1666 1652 1688 ex
1679 1665 1767 1688 nunc
1794 1658 1893 1697 prout
1918 1665 1959 1688 ex
1979 1658 2067 1693 tunc,

250 1725 280 1754 et
306 1731 322 1753 e
348 1724 474 1759 contra,
500 1722 549 1753 eis
576 1722 607 1752 in
634 1721 784 1758 casibus,
811 1720 963 1761 prefatus
989 1720 1148 1751 dominus
1174 1718 1390 1752 Castellanus
1416 1719 1563 1760 privavit
1588 1721 1618 1750 et
1645 1719 1754 1759 privat
1779 1721 1810 1750 et
1837 1719 1868 1750 in
1895 1720 1999 1750 totum
2020 1727 2070 1750 re-

250 1792 382 1815 manere
409 1784 502 1815 alteri
530 1783 614 1824 parti
641 1783 823 1814 attendenti
851 1784 881 1814 et
907 1782 1102 1823 adimplenti
1131 1785 1229 1823 prout
1256 1791 1358 1823 supra
1384 1782 1554 1813 ordinavit
1579 1784 1610 1813 et
1635 1781 1778 1812 ordinat.

339 1846 415 1878 ltem
443 1847 534 1887 quod
561 1847 588 1877 si
615 1847 793 1886 contigerit
819 1855 879 1886 pro
904 1848 1054 1886 tempore
1080 1845 1172 1885 quod
1199 1845 1318 1885 prefati
1344 1845 1472 1876 domini
1499 1842 1663 1877 Canonici
1683 1853 1701 1876 a
1719 1844 1849 1884 pretato
1866 1853 1981 1875 eorum
2001 1853 2072 1875 mo-

252 1910 398 1941 nasterio
424 1909 629 1946 recederent,
645 1908 736 1948 quod
756 1917 822 1939 non
841 1908 975 1948 possint
994 1916 1052 1939 nec
1072 1908 1205 1939 valeant
1225 1907 1344 1938 virtute
1363 1907 1530 1948 presentis
1548 1906 1731 1938 oblationis
1749 1908 1780 1938 et
1797 1906 2013 1938 tradditionis
2031 1915 2069 1938 ac

241 1972 466 2003 ordinationis
481 1980 541 2003 nec
556 1971 660 2008 aliter,
675 1971 788 2011 aliqua
805 1972 998 2011 paramenta
1014 1980 1054 2001 ex
1072 1970 1233 2010 predictis
1247 1971 1428 2010 exportare
1444 1978 1503 2000 nec
1518 1970 1688 2010 exportari
1700 1969 1821 2007 tacere,
1836 1971 1867 2000 et
1882 1970 1909 2000 si
1925 1969 2078 2001 similiter

251 2034 429 2075 contigerit
455 2042 516 2074 pro
541 2036 694 2074 tempore
720 2033 811 2073 quod
840 2032 959 2073 prefati
986 2033 1112 2064 domini
1140 2031 1272 2064 Fratres
1297 2032 1404 2064 sancti
1432 2031 1610 2073 Augustini
1630 2041 1647 2063 a
1666 2031 1797 2072 prefato
1822 2040 1937 2063 eorum
1957 2040 2072 2063 mona—

249 2097 349 2128 sterio
376 2096 581 2133 recederent,
598 2096 690 2136 quod
717 2105 782 2126 non
811 2096 945 2127 valeant
971 2096 1093 2126 virtute
1113 2096 1281 2135 presentis
1307 2094 1501 2132 oblationis,
1517 2095 1733 2126 tradditionis
1758 2103 1818 2125 nec
1835 2094 1940 2132 aliter,
1958 2094 2071 2134 aliqua

251 2161 445 2199 paramenta
471 2168 512 2190 ex
541 2158 703 2198 predictis
740 2160 920 2198 exportare
959 2166 1019 2189 nec
1045 2158 1216 2198 exportari
1247 2156 1367 2195 facere,
1405 2157 1466 2188 sed
1493 2157 1524 2188 in
1551 2159 1655 2188 totum
1694 2158 1887 2188 remaneant
1924 2156 2071 2197 prefacte

252 2221 396 2252 ecclesie
423 2221 529 2252 sancti
557 2219 737 2261 Augustini
764 2222 795 2251 et
820 2220 1081 2251 successoribus
1107 2219 1313 2260 prefatorum
1339 2219 1552 2250 dominorum
1589 2217 1840 2252 Canonicorum
1866 2221 1898 2250 et
1924 2218 2073 2250 Fratrum

255 2284 284 2314 in
312 2283 412 2314 dictis
437 2292 551 2314 eorum
580 2283 795 2314 monasteriis
821 2291 880 2314 seu
906 2281 1012 2313 altero
1038 2282 1188 2322 ipsorum
1206 2282 1496 2319 monasteriorum,
1522 2284 1553 2313 et
1580 2282 1664 2322 ipsis
1690 2282 1896 2322 paramentis
1922 2281 1967 2312 uti
1994 2289 2074 2321 pos-

254 2346 320 2376 sint
346 2345 458 2375 modis
483 2347 515 2376 et
540 2344 657 2376 formis
683 2344 723 2375 de
750 2344 876 2384 quibus
902 2353 1003 2384 supra
1030 2346 1061 2375 et
1088 2353 1152 2375 non
1179 2344 1274 2376 aliter
1301 2346 1334 2375 ut
1359 2353 1471 2385 supra,
1497 2346 1528 2375 et
1548 2344 1590 2375 ita
1609 2345 1708 2384 prout
1725 2352 1838 2384 supra,
1858 2342 2072 2383 presentibus

255 2407 482 2445 audientibus,
510 2407 784 2447 intelligentibus,
812 2407 1104 2438 consentientibus
1119 2409 1150 2438 et
1165 2407 1387 2438 communiter
1411 2406 1667 2447 acceptantibus
1686 2408 1719 2437 ut
1737 2414 1839 2446 supra
1858 2405 1995 2446 prefatis
2013 2405 2073 2436 do-

256 2470 355 2503 minis
382 2468 565 2501 Canonicis
591 2478 628 2500 ac
656 2469 827 2501 Fratribus
854 2479 914 2509 pro
940 2478 976 2500 se
1003 2478 1038 2500 se
1064 2471 1095 2500 et
1120 2479 1235 2501 eorum
1275 2469 1535 2501 successoribus
1561 2469 1591 2499 in
1619 2468 1756 2509 prefatis
1793 2467 2005 2499 monasteriis
2042 2470 2071 2498 et

256 2532 354 2562 etiam
382 2532 603 2562 offerentibus
629 2541 689 2571 pro
716 2531 845 2572 prefato
872 2532 1101 2563 illustrissimo
1126 2532 1264 2562 domino
1290 2531 1428 2562 domino
1454 2530 1547 2562 Duce
1573 2530 1711 2561 assidue
1744 2529 1954 2561 Altissimum
1992 2537 2073 2560 exo-

258 2603 339 2630 rare,
366 2594 515 2634 prefatus
540 2595 699 2625 dominus
725 2593 942 2626 Castellanus
967 2595 1137 2625 ordinavit
1162 2596 1192 2625 et
1218 2594 1360 2625 ordinat.
1388 2593 1427 2624 Et
1465 2592 1540 2624 inde
1577 2593 1617 2624 de
1655 2592 1814 2633 predictis
1851 2591 2009 2622 omnibus
2042 2594 2072 2622 et

259 2656 402 2695 singulis
429 2656 546 2696 prefati
574 2656 700 2686 domini
728 2656 894 2687 lohannes
935 2655 1152 2688 Castellanus
1189 2658 1219 2688 et
1258 2655 1424 2687 lohannes
1461 2654 1615 2686 Buzaclie
1652 2654 1789 2685 nuntius
1827 2656 1860 2684 ut
1897 2662 1998 2693 supra
2035 2662 2071 2684 ac

260 2717 377 2758 prefati
406 2718 531 2748 domini
558 2716 721 2749 Canonici
748 2721 777 2749 et
804 2718 901 2749 etiam
929 2718 1047 2758 prefati
1075 2719 1201 2749 domini
1229 2717 1360 2748 Fratres
1401 2717 1505 2748 sancti
1541 2715 1718 2756 Augustini
1753 2718 1784 2746 et
1817 2715 1956 2755 quilibet
1983 2715 2073 2755 ipso-

258 2789 328 2810 rum
368 2780 538 2811 iusserunt
564 2782 594 2810 et
621 2783 823 2819 rogaverunt
850 2790 887 2811 ac
916 2781 1029 2811 iubent
1057 2783 1087 2811 et
1114 2782 1231 2819 rogant
1270 2789 1326 2820 per
1353 2788 1403 2810 nie
1430 2779 1594 2809 notarium
1623 2777 1871 2817 infrascriptum
1900 2777 2072 2817 publicum

260 2842 379 2873 confici
407 2842 529 2872 debere
557 2842 809 2872 instrumentum
831 2853 835 2872 :
875 2842 1090 2881 presentibus
1128 2842 1374 2881 spectabilibus
1400 2841 1480 2871 iuris
1507 2840 1680 2879 utriusque
1706 2839 1902 2870 doctoribus
1927 2839 2072 2870 dominis

260 2901 508 2943 Cliristoplioro
536 2903 575 2934 de
603 2903 781 2934 Albai·iciis
807 2906 837 2934 ct
865 2903 1072 2934 Bernardino
1099 2904 1139 2934 de
1167 2903 1373 2939 Albcrtutiis‚
1399 2902 1534 2943 egregio
1559 2910 1736 2933 causarum
1773 2904 1903 2932 oratore
1935 2902 2073 2932 domino

263 2966 401 2997 Marelio
428 2966 467 2997 de
495 2965 656 2996 Becliaria
684 2967 813 2996 notario
840 2965 943 3005 Papic
970 2966 1038 2996 tilio
1064 2966 1234 3005 quondam
1262 2965 1388 2996 domini
1428 2964 1580 3001 Florelli,
1619 2964 1755 2995 domino
1787 2963 1992 2995 Francisclio
2033 2964 2072 2994 de
