2305 3407
276 126 341 159 208

275 260 376 291 hulus
401 259 651 296 transactionis,
676 260 707 290 et
733 257 825 299 quod
851 260 928 289 tunc
954 256 1057 288 altera
1083 263 1162 296 pars
1182 254 1298 295 ‚possit
1323 254 1384 285 hec
1410 253 1523 284 omnia
1549 251 1790 283 inviolabiliter
1815 251 1940 282 servari
1982 249 2092 282 facere

275 322 339 353 sub
364 330 449 362 pena
475 322 697 353 ducentorum
723 328 900 360 aureorum
927 328 968 350 ex
996 318 1095 349 bonis
1121 316 1315 349 monasterii
1341 315 1622 356 applicandorum
1650 314 1735 355 parti
1761 313 1971 344 observanti.

341 381 563 423 Subscripta:
590 381 758 414 Dominus
794 380 1007 422 Augustinus
1045 380 1223 420 papiensis
1256 378 1456 419 Prepositus
1482 377 1589 410 sancti
1616 376 1703 408 Petri
1731 377 1762 407 in
1789 376 1860 407 celo
1886 384 1988 406 aureo
2014 374 2095 405 sub-

275 446 422 486 scripsit.
448 445 560 477 Frater
586 444 752 476 lohannes
779 444 932 484 Baptista
959 442 1134 474 Firmanus
1160 440 1254 472 Prior
1280 441 1386 472 sancti
1413 439 1592 480 Augustini
1620 438 1833 478 subscripsit.

363 507 458 546 Quas
484 507 620 548 quidem
662 507 921 543 transactiones,
962 504 1210 536 conventiones
1235 505 1267 534 et
1293 502 1554 538 moderationes,
1591 504 1621 532 et
1659 510 1723 541 que
1761 500 1897 540 quidem
1923 499 2035 530 omnia
2061 500 2093 530 et

276 570 410 611 singula
435 569 586 601 fecerunt
611 572 642 600 et
668 568 793 600 faciunt
831 570 944 608 partes
982 566 1131 607 predicte
1169 565 1407 597 contrahentes
1433 566 1596 604 utsupra
1633 572 1691 603 per
1729 571 1803 594 sese
1840 564 1871 592 et
1907 569 2020 592 eorum
2048 569 2096 591 re-

274 632 425 672 spective
451 635 484 663 ut
510 640 613 671 supra
639 638 869 666 successores,
895 637 933 660 ac
959 628 1206 668 promisserunt
1231 629 1262 658 et
1288 627 1485 667 promittunt
1511 625 1576 656 sibi
1604 625 1689 665 ipsis
1715 624 1791 655 hinc
1819 623 1896 654 inde
1929 622 2096 663 silpulan-

275 694 365 725 tibus
402 696 515 731 rattas,
552 697 665 734 gratas
690 695 721 724 et
747 692 869 727 firmas,
896 699 935 722 ac
962 693 1056 728 ratta,
1094 692 1188 731 grata
1214 691 1245 720 et
1271 689 1364 720 firma
1402 688 1524 719 habere
1550 690 1581 718 et
1606 690 1718 719 tenere
1751 695 1789 717 ac
1829 685 2011 722 attendere,
2038 684 2098 715 ob-

274 764 409 787 servare
435 758 467 787 et
493 764 558 786 non
585 754 820 786 contravenire
846 756 907 784 etc.
935 752 1034 784 simul
1062 752 1138 783 hinc
1164 751 1241 782 inde
1267 752 1350 782 etc...
1378 749 1598 781 Presentibus
1624 748 1762 780 domino
1788 746 1990 779 Sebastiano
2009 746 2097 778 della

275 818 410 849 Villatta
436 817 504 848 filio
530 817 702 857 quondam
729 816 857 847 domini
885 814 1022 846 Eusebii
1050 813 1237 845 habitatore
1264 813 1326 844 loci
1353 812 1544 853 Languschi
1572 811 1728 842 lumeline
1755 810 1941 851 papiensis,
1960 809 2099 840 domino

277 879 506 920 lacopomaria
531 879 573 910 de
601 878 796 911 UltrabeIIIs
811 877 880 908 filio
895 877 1022 908 domini
1043 875 1223 907 Michaelis
1242 876 1372 906 notario
1387 878 1417 906 et
1433 875 1620 906 habitatore
1640 872 1743 914 Papie
1762 873 1792 904 in
1812 872 1972 913 parochia
1990 871 2097 903 sancti

275 942 454 974 Michaelis
480 942 628 978 maioris,
655 943 686 972 et
712 941 850 972 domino
889 939 1082 970 Innocentio
1108 938 1148 969 de
1176 938 1414 969 Marinonibus
1451 937 1521 968 filio
1559 936 1731 977 quondam
1770 935 1897 966 domini
1936 934 2095 966 Iohannis

276 1005 443 1036 Francisci
482 1005 613 1036 notario
651 1003 818 1044 papiensi,
845 1002 1004 1043 parochie
1042 1003 1157 1033 sancte
1196 1001 1303 1032 Marie
1341 1000 1503 1032 canonice
1543 998 1674 1036 Peroni,
1712 998 1788 1029 inde
1826 998 1972 1029 testibus
1997 996 2098 1034 notis,

278 1068 410 1099 idoneis
436 1076 474 1098 ac
501 1067 632 1098 vocatis
658 1069 690 1097 et
715 1065 854 1107 rogans.

367 1129 438 1171 Ego
465 1129 633 1160 lohannes
656 1127 778 1159 Petrus
798 1127 979 1168 Applanus
998 1126 1088 1158 filius
1105 1126 1277 1166 quondam
1297 1125 1466 1166 magnifici
1494 1124 1513 1155 l.
1541 1123 1581 1156 U.
1607 1123 1646 1155 D.
1673 1122 1809 1154 Domini
1824 1122 1984 1153 Iohannis
1999 1120 2100 1152 Fran-

276 1193 355 1224 cisci
382 1192 539 1233 publicus
566 1191 741 1232 papiensis
767 1190 1001 1231 imperIalique
1026 1189 1224 1220 auctoritate
1243 1188 1394 1219 notarius
1413 1187 1669 1218 instrumentum
1706 1185 1974 1226 suprascrIptum
2012 1185 2101 1214 tran-

276 1255 464 1286 sactionum
491 1254 600 1285 aliena
627 1262 726 1285 manu
754 1254 848 1284 iussu
875 1261 949 1283 meo
976 1252 1149 1292 scrIptum,
1175 1251 1254 1282 milii
1269 1252 1300 1281 et
1314 1250 1509 1290 subscripto
1524 1248 1699 1289 spectabili
1715 1248 1853 1279 domino
1869 1246 2006 1278 Iohanni
2022 1244 2102 1277 Ber-

276 1318 418 1349 nardino
445 1317 532 1348 della
559 1316 669 1356 Rippa
695 1316 824 1347 notario
849 1317 881 1346 et
905 1314 1080 1346 causidico
1107 1313 1212 1354 Papie
1239 1314 1270 1343 in
1297 1312 1443 1343 solidum
1471 1312 1540 1342 fieri
1568 1312 1710 1347 iussum,
1748 1312 1886 1350 rogatus
1912 1308 2041 1340 confeci
2068 1310 2101 1340 et

276 1380 422 1411 traddidi
450 1383 480 1410 et
506 1380 538 1410 In
566 1379 665 1410 fidem
694 1387 745 1410 me
772 1378 974 1418 subscripsi.

999 1576 1376 1618 DCCCXCVII.

370 1690 399 1718 11
427 1689 643 1726 Cappellano
680 1688 805 1716 ducale
843 1688 877 1715 di
915 1688 950 1715 S.
978 1687 1153 1722 Agostino
1191 1686 1316 1721 delega
1353 1686 1399 1721 gli
1437 1684 1632 1713 Eremitani
1657 1692 1718 1720 per
1744 1683 1980 1711 l'ufficiatura
2006 1681 2101 1710 della

282 1743 518 1780 cappellania.

868 1819 1026 1849 1542,
1056 1819 1408 1847 11oxve1111›1·e‚
1430 1816 1520 1841 27.

863 1908 930 1928 Arcli.
948 1907 1028 1927 Notar.
1046 1906 1067 1926 di
1085 1906 1155 1927 Pax-ia
1172 1917 1197 1919 —
1212 1906 1260 1926 Atti
1277 1905 1298 1925 di
1316 1906 1419 1926 Lorenzo
1435 1904 1522 1925 Ferrari
1541 1921 1544 1924 .

349 2093 467 2209 N
527 2111 569 2136 ΕΙ.
596 2105 763 2138 Conventa
788 2105 823 2136 <ii
847 2104 880 2137 S.
905 2105 1078 2144 Agostino.
1105 2104 1131 2135 ll
1154 2103 1325 2135 sacerdote
1350 2104 1470 2135 Nicola
1496 2103 1624 2134 Ferrari
1635 2105 1847 2143 procuratore
1864 2102 1917 2134 del
1933 2102 2103 2134 sacerdote

551 2168 712 2200 Giacomo
738 2167 838 2199 Remi
862 2167 1035 2208 capellano
1061 2167 1148 2198 della
1174 2166 1325 2207 cappella
1351 2167 1386 2198 di
1409 2166 1441 2199 S.
1468 2166 1640 2205 Agostino,
1675 2168 1774 2197 cretio
1810 2165 1863 2196 nel
1897 2164 2100 2205 confessoris)

549 2231 583 2262 cli
607 2230 639 2262 S.
666 2230 775 2261 Pi'etro
801 2231 832 2261 in
861 2229 931 2262 Ciel
954 2229 1065 2265 cI'oro,
1093 2229 1213 2261 volens
1238 2232 1269 2260 et
1295 2229 1474 2260 intendens
1493 2229 1584 2269 quod
1604 2229 1667 2269 ipsi
1688 2228 1816 2268 capelle
1844 2228 1874 2258 in
1894 2228 2021 2259 divinis
2045 2227 2104 2259 de-

282 2294 482 2325 serviatur...
509 2293 685 2333 deputavit
711 2296 741 2324 et
768 2293 907 2333 deputat
933 2292 1154 2323 reverendum
1193 2300 1286 2323 sacre
1323 2292 1494 2332 theologie
1532 2291 1728 2330 magistrum
1766 2290 1940 2321 dominum
1966 2289 2099 2320 fratrem

283 2355 326 2386 lo.
353 2355 540 2396 Baptistam
567 2356 608 2386 de
635 2354 755 2389 Firmo,
794 2354 942 2386 Priorem
985 2354 1178 2385 monasterii
1217 2354 1324 2385 sancti
1362 2353 1554 2394 Augustini,
1591 2353 1632 2384 ad
1667 2352 1906 2384 celebrandum
1934 2360 1992 2383 seu
2019 2352 2105 2383 cele-

284 2418 369 2448 brari
396 2417 588 2448 faciendum
617 2418 740 2448 mIssas
767 2417 808 2448 ad
835 2417 960 2448 dictum
988 2417 1091 2447 altare
1117 2416 1203 2447 dicte
1228 2416 1356 2456 capelle
1382 2418 1413 2446 et
1439 2416 1501 2446 hoc
1526 2424 1601 2446 cum
1629 2415 1738 2446 solitiS
1764 2414 1896 2445 salariis
1921 2416 1952 2445 et
1977 2414 2104 2445 emolu-

258 2500 259 2503 *
284 2480 405 2510 mentis
431 2480 539 2510 eidem
566 2479 704 2510 domino
732 2478 837 2509 l’riori
865 2478 1042 2509 solvendis
1069 2487 1127 2518 per
1153 2478 1366 2518 magnificum
1390 2478 1565 2508 dominum
1593 2476 1772 2508 Bronzium
1815 2476 1982 2507 Buscnam
2010 2476 2102 2507 ficta-

284 2542 384 2573 bilem
413 2542 575 2572 bonorum
602 2541 689 2572 dicte
715 2541 856 2581 capelle.
884 2540 948 2578 Qui
976 2541 1135 2571 dominus
1154 2539 1249 2571 Prior
1267 2540 1388 2571 dictam
1416 2540 1668 2580 deputationem
1695 2538 1885 2579 acceptavit
1903 2540 1934 2569 et
1952 2540 2105 2578 acceptat

285 2608 316 2635 et
341 2604 450 2635 dictas
477 2605 601 2634 missas
637 2604 679 2634 ad
717 2604 840 2634 dictam
879 2603 1045 2643 capellam
1082 2602 1250 2634 celebrare
1288 2603 1461 2643 promissit
1497 2604 1528 2633 et
1565 2601 1736 2642 promittit.
1764 2600 1801 2632 Et
1829 2601 1916 2637 inde,
1941 2603 2002 2632 etc.
2029 2599 2107 2632 Pre-

286 2667 452 2703 sentibus,
478 2669 539 2697 etc.
566 2664 626 2705 (l).

343 2824 372 2846 (l)
389 2822 457 2843 L'nitn
473 2823 569 2842 :ill'attn
586 2823 605 2842 vi
623 2823 634 2843 i.-
651 2828 694 2842 unzi
712 2823 794 2842 lettera
811 2822 846 2842 dcl
863 2822 985 2842 Marchese
997 2821 1094 2842 Altonso
1103 2821 1130 2841 dc
1142 2821 1170 2841 A·
1225 2820 1280 2841 dote
1297 2820 1354 2841 Gian
1370 2820 1482 2841 Giacomo
1508 2819 1574 2840 Burni
1599 2819 1714 2845 arciprete
1730 2819 1751 2839 di
1768 2819 1895 2844 vige-vano,
1911 2824 1923 2839 e
1939 2825 1966 2839 ne
1982 2818 2003 2839 Ia
2019 2819 2039 2839 la
2055 2824 2104 2844 pre-

294 2867 361 2887 valos
377 2867 503 2892 d'Auuino,
520 2867 630 2892 capitano
646 2867 752 2891 generale
769 2874 780 2887 c
797 2867 962 2890 lnouotenentc
973 2872 1068 2887 cesarco
1084 2865 1119 2886 nel
1135 2865 1174 2885 do-
1229 2866 1365 2886 sentnzione
1380 2865 1401 2885 al
1418 2864 1508 2885 Vicnrio
1525 2864 1646 2885 Vos-conte
1663 2864 1684 2883 ui
1702 2863 1779 2884 I‘nria.
1791 2864 1881 2888 Questi,
1897 2863 1958 2884 chee
1970 2864 2105 2889 ilprevosto

292 2912 362 2931 minio
377 2911 398 2931 di
416 2911 511 2935 Mllzuw,
528 2912 586 2931 colla
604 2911 680 2936 qiizile.
697 2913 773 2931 :itte-sn
791 2911 809 2931 lu
828 2913 901 2931 morte
917 2911 953 2930 del
970 2910 1093 2931 sacerdote
1105 2910 1168 2930 Ales·
1223 2910 1244 2930 di
1261 2909 1283 2930 S.
1301 2909 1409 2929 lnvenzio
1425 2908 1482 2929 Gian
1500 2908 1563 2932 Luigi
1583 2908 1686 2934 Granipi,
1697 2913 1740 2928 con
1751 2910 1802 2928 aiio
1818 2908 1854 2928 dcl
1865 2908 1890 2928 27
1902 2908 2027 2928 novembre
2046 2908 2104 2933 1542,

293 2955 380 2976 Sssndft)
396 2955 502 2977 Rovnrini
519 2955 540 2975 di
557 2955 680 2980 (jsnnbolo,
697 2955 836 2980 cappellano
856 2955 937 2976 ducale
953 2955 1012 2975 della
1029 2954 1174 2980 cappellanm
1229 2959 1335 2979 approva
1351 2960 1363 2974 e
1378 2952 1496 2974 conferma
1512 2952 1576 2973 detta
1603 2952 1782 2977 presentazione
1798 2952 1826 2973 cd
1842 2952 1953 2977 elezioue,
1969 2952 1998 2973 ad
2014 2952 2106 2973 laudem

294 3000 315 3019 di
332 2999 354 3020 S.
371 3000 485 3025 Agostino
501 3000 522 3020 di
540 3002 666 3025 patronati»
681 3000 770 3022 (lucide,
788 3000 867 3025 elegge
882 3005 895 3019 a
911 2999 1054 3024 succedergli
1070 2998 1084 3018 il
1100 3003 1174 3019 sacer·
1229 3000 1251 3019 et
1268 2998 1378 3018 honorem
1395 2996 1569 3023 omnipotentis
1585 2996 1626 3018 Dei
1642 2999 1664 3017 et
1680 2996 1783 3021 glorioxe
1799 2996 1899 3022 Virginis
1910 2996 2020 3017 Maricae
2031 2996 2105 3017 sancti
