2305 3407
274 161 339 194 204

274 293 480 325 monasterio
505 301 563 324 seu
590 294 760 323 conventu
787 292 903 322 sancte
929 289 1102 327 Mustiole,
1128 288 1239 320 cicinno
1264 289 1296 320 in
1321 287 1430 329 affitto
1451 296 1513 328 per
1533 287 1555 319 9
1579 288 1660 319 anni
1682 296 1703 318 a
1731 285 1817 320 Gran
1845 285 2006 320 Giacomo
2025 285 2092 320 Ru-

274 357 367 388 scotzi
390 364 431 386 ιιη
457 358 579 386 terreno
605 354 639 385 cii
667 354 707 385 12
724 352 869 394 perliclie
894 353 925 383 ίη
951 350 1125 385 Stradella,
1154 351 1209 382 ubi
1237 350 1359 382 dicitur
1384 350 1426 382 ad
1453 352 1605 382 sanctum
1639 349 1776 387 Zenum,
1798 358 1860 390 per
1881 349 1939 380 lire
1963 351 2007 380 tre
2032 349 2092 380 im-

272 418 392 459 periali
414 416 580 448 all'amzo.
607 416 670 448 Fra
696 417 707 447 ι’
731 416 896 447 testirnoni
919 414 935 446 ἑ
960 414 1059 445 frater
1086 413 1284 444 Laurentius
1309 413 1350 444 de
1377 412 1559 444 Brambilla
1586 412 1627 443 de
1653 410 1758 452 Papia
1791 411 1892 443 frater
1917 410 2093 452 professus

277 482 307 512 in
335 480 540 511 monasterio
566 479 670 510 sancti
700 478 879 519 Augustini
898 474 959 516 (1).

1008 675 1358 717 DCCCXCVI.

368 789 604 817 Convenzioni
632 789 682 816 fra
709 788 755 823 gli
783 787 978 815 Eremitani
1005 787 1039 814 di
1066 787 1099 814 S.
1127 785 1301 821 Agostino
1327 795 1344 814 e
1371 786 1380 813 i
1407 785 1574 814 Canonici
1594 785 1759 820 Regolari
1785 793 1845 820 per
1871 783 2097 812 l'ufficiatura

281 843 373 871 della
401 843 569 870 Basilica.

879 911 1037 939 15⁷2,
1068 910 1419 937 11()x‘e1121)1·eq
1453 908 1504 932 3.

744 999 812 1020 (Arcli
838 999 858 1018 di
875 998 942 1018 Staio
959 998 979 1017 di
997 997 1092 1018 Miiano.
1110 1008 1134 1010 ᾈ
1151 997 1255 1021 Pergam.
1273 996 1294 1016 di
1311 996 1333 1017 S.
1352 996 1429 1016 Pictro
1445 996 1466 1016 in
1483 995 1530 1017 ciel
1547 996 1635 1019 (Poro).

389 1185 434 1300 I
531 1203 553 1228 N
580 1197 723 1228 Nomine
750 1196 884 1227 Domini
927 1196 1044 1227 Amen.
1087 1195 1183 1226 Anno
1224 1194 1419 1226 Nativitatis
1445 1193 1596 1225 eiusdem
1624 1192 1803 1223 millesimo
1829 1192 2103 1232 quingentesimo

520 1305 523 1307 Ι
554 1259 817 1300 quadragesimo
854 1258 1017 1294 secundo,
1045 1258 1228 1289 indictione
1255 1257 1516 1297 quintadecima,
1543 1256 1597 1287 die
1624 1255 1720 1286 tertio
1747 1255 1874 1286 mensis
1900 1254 2104 1286 Novembris

513 1358 518 1360 ἡ
554 1323 584 1353 in
611 1323 727 1359 tertiis,
755 1323 785 1352 in
812 1319 992 1353 Cittadella
1018 1321 1166 1352 civitatis
1192 1318 1329 1360 Papiae,
1356 1319 1513 1350 videlicet
1539 1318 1570 1349 in
1597 1318 1700 1349 choro
1725 1317 1888 1348 ecclesiae
1914 1317 2021 1348 sancti
2038 1315 2106 1348 Au-

282 1387 407 1427 gustini
434 1388 465 1417 et
491 1386 597 1417 sancti
625 1383 712 1415 Petri
741 1385 771 1415 in
799 1384 871 1415 celo
910 1392 1022 1414 aureo.
1062 1382 1177 1422 ibique
1204 1383 1235 1413 in
1263 1384 1414 1413 nostrum
1455 1380 1614 1412 lobannis
1647 1379 1846 1411 Bernardini
1873 1380 1914 1410 de
1941 1379 1970 1411 la
1997 1378 2106 1420 Rippa

283 1452 315 1481 ct
341 1449 500 1480 loliannis
528 1446 614 1478 Petri
641 1447 682 1478 de
709 1445 868 1486 Appiano
894 1445 1112 1477 notariorium
1139 1446 1170 1475 et
1196 1444 1364 1484 uniusque
1392 1445 1542 1474 nostrum
1571 1443 1601 1473 in
1628 1442 1787 1479 solidum,
1829 1441 2032 1481 testiumque
2060 1441 2108 1472 in-

283 1511 538 1551 irascriptorum
566 1508 779 1550 praesentia:

373 1571 458 1606 Cum
485 1573 526 1604 sit
553 1573 644 1612 quod
670 1572 898 1603 existentibus
924 1572 955 1602 et
981 1570 1132 1601 subortis
1173 1568 1344 1600 nonnullis
1381 1567 1651 1599 dissentionibus
1687 1569 1788 1607 atque
1814 1566 2010 1597 differentiis
2047 1574 2106 1606 per

282 1638 313 1667 et
339 1636 422 1666 inter
448 1634 652 1666 reverendos
678 1633 836 1664 dominos
863 1631 1078 1672 prepositum
1104 1634 1135 1662 et
1161 1629 1355 1662 Canonicos
1382 1629 1554 1670 regulares
1593 1629 1786 1660 monasterii
1825 1628 1931 1659 sancti
1960 1626 2046 1658 Petri
2073 1628 2104 1658 in

284 1698 355 1729 celo
382 1706 484 1728 aureo
511 1695 636 1736 Papiae
662 1698 692 1726 et
719 1695 924 1726 reverendos
950 1694 1109 1725 dominos
1135 1692 1282 1724 Priorem
1308 1694 1339 1723 et
1366 1691 1497 1723 Fratres
1524 1691 1757 1722 Heremitanos
1794 1690 1899 1721 sancti
1927 1689 2106 1730 Augustini

285 1758 411 1799 Papiae
437 1766 555 1789 omnes
581 1760 733 1789 tenentes
760 1757 898 1788 eliorum
926 1758 955 1787 et
983 1757 1090 1796 ipsam
1132 1755 1308 1786 ecclesiam
1351 1754 1456 1785 saneti
1498 1752 1679 1793 Augustini
1705 1756 1736 1783 et
1762 1753 1868 1783 sancti
1907 1751 1994 1783 Petri
2020 1752 2106 1783 circa

285 1822 410 1852 cultum
437 1821 589 1851 divinum
616 1823 645 1850 et
671 1819 880 1850 ceremonias
905 1821 936 1850 et
963 1818 1099 1849 modum
1126 1817 1282 1848 cantandi
1303 1817 1334 1847 in
1354 1816 1525 1856 praedicta
1551 1815 1706 1851 ecclesia,
1732 1815 1866 1846 tandem
1886 1814 2108 1854 persuasione

285 1887 315 1915 et
342 1884 463 1915 mediis
488 1884 672 1914 amicorum
699 1882 891 1913 comunium
919 1890 976 1922 per
1003 1882 1115 1921 partes
1134 1881 1228 1920 ipsas
1247 1878 1371 1910 factum
1406 1878 1467 1909 fuit
1503 1878 1788 1918 compromissum
1830 1877 1870 1908 de
1912 1876 2106 1907 huiusmodi

285 1946 482 1977 differentiis
508 1947 539 1976 et
564 1944 840 1976 dissensionibus
867 1944 897 1974 in
925 1943 1145 1974 reverendum
1184 1942 1264 1972 iuris
1303 1941 1477 1980 utriusque
1515 1940 1684 1971 doctorem
1718 1939 1891 1970 dominum
1927 1938 2106 1970 Iohannem

286 2008 463 2049 Aloysium
491 2008 530 2038 de
557 2006 718 2047 Grampis
758 2006 956 2047 collegiatae
997 2005 1162 2036 ecclesiae
1202 2004 1309 2035 sancti
1352 2002 1492 2034 Iuventii
1520 2001 1646 2042 Papiae
1672 2001 1910 2042 Praepositum
1937 2009 2026 2032 nunc
2053 1999 2109 2031 Vi-

285 2071 409 2102 carium
437 2068 559 2102 Curiae
587 2068 803 2109 Episcopalis
830 2067 967 2108 Papiae,
994 2069 1027 2098 ut
1054 2068 1187 2098 constat
1229 2067 1450 2097 instrumento
1481 2065 1590 2104 ipsius
1630 2063 1868 2104 compromissi
1895 2063 1965 2094 fieri
1992 2064 2110 2103 rogato

286 2141 375 2164 anno
400 2140 501 2163 curso
528 2131 706 2162 millesimo
748 2130 1022 2171 quingentesimo
1063 2128 1327 2169 quadragesimo
1354 2127 1407 2158 die
1433 2129 1463 2158 et
1490 2135 1605 2158 mense
1632 2127 1662 2157 in
1689 2135 1730 2157 eo
1755 2126 1923 2157 contentis
1964 2134 2022 2165 per
2047 2133 2110 2156 nos

288 2195 437 2226 notarios
463 2194 674 2225 antedictos:
701 2192 856 2233 Cumque
882 2191 1054 2232 praefatus
1080 2191 1288 2222 reverendus
1314 2190 1473 2221 dominus
1500 2189 1666 2220 lohannes
1693 2188 1865 2229 Aloysius‚
1891 2188 1976 2219 visis
2002 2187 2112 2227 requi-

287 2257 470 2288 sitionibus
495 2259 525 2287 et
554 2255 836 2296 responsionibus
878 2255 1026 2294 ipsarum
1065 2253 1239 2284 ambarum
1278 2253 1421 2292 partium
1455 2251 1519 2282 sibi
1560 2250 1660 2282 factis
1697 2252 1728 2281 et
1765 2250 1897 2287 delatis,
1925 2248 2109 2289 habitoque

287 2328 361 2350 cum
388 2319 437 2349 eis
464 2318 590 2358 pluries
617 2326 771 2348 sermone
798 2319 828 2348 et
855 2316 1040 2356 colloquio
1067 2315 1202 2346 tandem
1229 2323 1324 2345 suam
1352 2313 1490 2354 protulit
1529 2312 1720 2344 arbitralem
1747 2313 1778 2343 et
1803 2310 2109 2342 arbitramentalein

288 2381 489 2412 sententiam
532 2388 700 2419 suumque
738 2379 875 2410 laudum
902 2378 1013 2409 tulerit
1040 2378 1151 2408 modis
1177 2379 1207 2408 et
1233 2376 1350 2407 formis
1383 2376 1508 2416 quibus
1534 2377 1565 2406 et
1591 2377 1690 2415 prout
1716 2375 1746 2405 in
1775 2373 1939 2405 sententia
1959 2375 1990 2404 et
2009 2372 2110 2403 laudo

289 2443 477 2474 continetur
503 2444 533 2473 et
560 2443 593 2473 fit
621 2442 743 2473 mentio
771 2441 810 2472 de
837 2449 904 2481 qua
930 2443 1081 2481 rogatum
1112 2439 1173 2471 fuit
1200 2440 1456 2471 instrumentum
1483 2447 1572 2469 anno
1597 2439 1627 2468 et
1654 2437 1836 2468 indictione
1855 2436 2009 2476 proxime
2035 2443 2110 2475 pre-

360 2601 377 2620 li
394 2599 436 2619 Per
453 2600 472 2619 la
489 2598 635 2623 intelligcum
661 2599 681 2618 ili
708 2601 793 2623 questo
810 2598 951 2618 documento
967 2597 977 2617 L·
994 2598 1128 2622 opportuno
1145 2597 1171 2616 ri-

295 2644 409 2670 produrre
426 2644 462 2663 dal
479 2643 535 2664 cod,
554 2649 573 2663 n.
590 2644 637 2667 42³³,
654 2643 698 2662 vol.
716 2643 737 2662 in
754 2642 802 2666 1ιι1.,
819 2648 871 2667 pag,
888 2643 914 2662 ⁴⁸
929 2642 988 2662 della
1005 2641 1062 2662 Bibl.
1081 2641 1174 2661 Univer-

296 2689 375 2709 sitaria
392 2688 412 2708 di
431 2687 508 2711 l'avia,
526 2688 544 2707 la
562 2690 674 2711 segucnic
691 2687 791 2707 nolim:
809 2694 817 2699 ’ν
830 2687 919 2706 l,'anno
938 2684 1143 2709 1512,27tel11wai11
1160 2685 1172 2704 il

297 2733 370 2753 Pallrc
386 2732 510 2753 Gerolamo
526 2732 656 2757 Scripando
673 2722 817 2756 napolitano,
830 2731 942 2751 (jcncrale
958 2729 1106 2750 dcll'Ordinc
1123 2730 1173 2750 Erc—

297 2779 384 2798 initano
400 2777 420 2797 di
437 2776 459 2797 S.
477 2777 592 2801 Agontino
608 2777 658 2799 (elic
674 2775 695 2796 iu
714 2776 750 2801 poi
767 2775 907 2799 manuale),
923 2774 992 2795 attinc
1008 2774 1029 2794 di
1046 2774 1128 2794 render
1137 2773 1174 2799 piii

297 2822 356 2842 torte
372 2822 384 2841 il
401 2820 523 2842 Convenit>
539 2821 559 2840 di
577 2820 591 2840 S
616 2819 758 2845 Agostinodi
770 2819 891 2839 l‘avizicon
902 2819 1037 2839 accrescerli
1054 2819 1174 2841 l'cntrate,

298 2866 376 2887 uniscc
392 2866 405 2886 il
422 2866 488 2886 detto
510 2865 632 2886 Convcnio
648 2865 669 2885 ‹li
685 2864 707 2885 S.
726 2864 837 2885 Mostiola
856 2864 876 2884 al
899 2863 1021 2884 Convento
1037 2863 1058 2883 ui
1075 2862 1096 2883 S.
1114 2862 1172 2887 Ago-

297 2911 359 2931 stino
375 2910 396 2930 di
413 2909 483 2931 Pavia
499 2915 564 2930 come
581 2910 684 2930 membro
700 2909 720 2929 al
737 2914 780 2929 suo
795 2913 855 2934 capo
871 2914 882 2929 e
897 2909 938 2929 elie
955 2907 1010 2934 pero
1027 2907 1040 2928 il
1057 2907 1135 2928 Priore
1151 2907 1172 2928 di

298 2955 320 2975 S.
337 2955 451 2981 Agostino
467 2954 547 2980 deputi
564 2954 585 2974 in
601 2959 655 2975 esso
672 2959 700 2974 un
717 2953 808 2974 vicario
830 2958 873 2974 con
895 2952 948 2973 altri
965 2952 1065 2977 religiosi
1082 2957 1147 2972 coine
1163 2956 1175 2972 a

298 2999 329 3020 lui
345 2998 444 3025 placent
461 2998 520 3024 Qual
536 2998 620 3019 unione
636 2998 694 3019 tana
710 3003 752 3019 con
769 2997 864 3019 sodctto
881 2997 942 3018 buon
959 2997 1003 3017 linc
1018 2996 1041 3017 iu
1057 2996 1095 3022 poi
1111 3001 1177 3017 occa-

298 3044 362 3064 sione
378 3044 399 3064 di
416 3043 571 3064 iacilitarsene
587 3043 762 3066 l'alicnazionc.
780 3044 868 3063 mentre
884 3041 964 3068 doppo
979 3041 1032 3062 anni
1046 3040 1177 3062 roalderia

1227 2596 1312 2616 unione
1328 2596 1345 2616 si
1363 2594 1500 2616 incomincio
1525 2596 1610 2614 trattar
1625 2594 1645 2614 la
1662 2593 1755 2614 vendita
1773 2593 1808 2613 del
1825 2593 1890 2613 detto
1907 2592 2028 2613 Conventa
2044 2591 2066 2612 ui
2082 2590 2105 2612 S.

1230 2640 1342 2660 Alostiola
1358 2641 1401 2660 etc.
1412 2647 1421 2655 n
1440 2639 1480 2659 Del
1497 2639 1638 2659 documento
1647 2637 1787 2663 gencralizio
1803 2637 1825 2657 d·
1836 2637 1919 2657 unione
1929 2636 1950 2656 di
1960 2636 1982 2656 S.
1995 2636 2106 2657 Mos-nola

1229 2691 1240 2704 a
1257 2684 1279 2705 S.
1297 2683 1410 2709 Agostino
1427 2689 1471 2703 non
1487 2683 1558 2703 csisie
1576 2682 1660 2703 traccia
1671 2682 1729 2707 negli
1740 2681 1830 2702 Arcuivi
1843 2680 1863 2701 di
1877 2680 1946 2701 Pavia
1958 2686 1969 2701 c
1979 2680 2000 2700 di
2010 2680 2106 2701 Milano.

1283 2728 1308 2749 Αἰ
1327 2728 1350 2749 18
1364 2729 1449 2753 agusto
1468 2727 1517 2748 1542
1532 2727 1545 2747 il
1562 2726 1666 2752 capitulo
1681 2726 1702 2746 di
1719 2725 1734 2746 S
1760 2725 1871 2746 Mostiola
1887 2725 1898 2745 ὸ
1914 2726 2038 2750 composto
2062 2724 2107 2745 sol-

1232 2775 1297 2793 tanto
1313 2773 1349 2793 del
1366 2772 1445 2793 Priore
1461 2771 1519 2792 irate
1535 2771 1592 2793 Gian
1609 2770 1710 2792 Ballista
1726 2770 1754 2791 da
1772 2770 1861 2795 Formo,
1883 2770 1919 2790 del
1941 2769 2032 2790 vicario
2047 2768 2106 2789 irate

1230 2817 1335 2838 Scraiino
1351 2816 1379 2837 da
1395 2816 1417 2837 S.
1435 2816 1522 2841 Angclo
1538 2822 1549 2836 c
1565 2815 1586 2836 di
1610 2815 1668 2836 irate
1694 2814 1770 2836 Rocco
1793 2814 1821 2835 da
1843 2814 1973 2835 Cainerano
1997 2813 2108 2834 Procura-

1229 2864 1286 2884 tore.
1302 2863 1393 2882 attenta
1408 2861 1515 2881 absentia
1531 2860 1628 2881 alioruin
1645 2859 1749 2880 iratrum.
1767 2859 1817 2880 Essi
1834 2864 1876 2879 con
1891 2859 1942 2879 atto
1958 2858 1979 2878 di
1991 2857 2048 2879 Gian
2064 2857 2108 2878 Αιι-

1230 2907 1294 2927 tonio
1310 2906 1429 2931 Albergati
1455 2906 1564 2926 riccvono
1580 2904 1616 2925 dal
1633 2904 1726 2925 dottorc
1743 2903 1763 2924 in
1780 2904 1848 2924 ambe
1863 2903 1884 2924 lc
1899 2903 1958 2927 leggi
1979 2901 2107 2927 Arcangclo

1232 2951 1341 2972 Beccaria
1358 2951 1454 2976 quanm
1470 2950 1547 2971 sacclii
1564 2949 1585 2970 di
1602 2948 1718 2970 frumento
1735 2953 1775 2975 per
1791 2947 1843 2969 tino
1858 2947 1957 2968 annuale
1973 2946 1994 2967 di
2011 2947 2070 2967 terre
2086 2945 2108 2966 in

1232 2996 1340 3017 vcrrcno
1356 2993 1523 3020 dell'Oltrepb.
