2305 3407
1942 214 2001 245 123

944 400 1253 440 DCCXCIII.

277 520 305 548 11
332 524 431 548 conte
459 518 632 554 Agostino
659 518 772 545 Maria
801 518 970 546 Beccaria
997 518 1101 545 fonda
1127 526 1195 545 una
1221 516 1390 552 Cappella
1410 516 1480 543 alla
1500 516 1676 543 Madcnna
1703 516 1756 543 ncl
1784 516 1942 543 chiostro
1969 516 2001 543 di

191 573 223 604 S,
251 572 434 608 Agosssno,

775 666 934 696 1622,
965 666 1318 695 n‹›ven1b1·e‚
1348 664 1438 688 28.

766 754 832 774 Arcli⁴
850 754 930 774 Notat.
948 754 969 774 di
987 753 1064 774 Paivia.
1083 764 1105 767 -
1122 753 1170 774 Atti
1186 753 1208 773 di
1225 753 1325 773 Antonio
1341 752 1441 773 Clericii.

204 872 206 919 i
253 903 375 1020 N
424 922 523 950 ,ELLA
548 926 629 948 casa
655 917 708 948 del
732 918 894 952 testatore,
922 917 953 948 in
980 916 1178 947 Parroccln'a
1204 916 1238 947 di
1263 914 1294 947 S.
1313 913 1475 947 Gabriele.
1508 914 1782 945 Testamentodcl
1802 913 1903 946 Come
1917 914 2006 954 Agr*—

202 924 205 1075 [
454 979 540 1010 stilio
565 979 674 1010 Maria
700 978 860 1010 Beccuricl
886 978 939 1010 del
955 977 997 1018 fu
1022 978 1129 1018 equite
1154 986 1170 1008 e
1195 977 1320 1008 doltore
1357 976 1476 1013 Plelro,
1514 977 1567 1008 nel
1602 977 1699 1016 quale
1736 977 1869 1008 ordinat
1902 980 1933 1008 et
1958 977 2008 1007 di-

424 1072 426 1076 ,
455 1041 569 1081 sponit
595 1041 687 1080 quod
714 1042 928 1071 construatur
946 1040 1141 1071 etconstrui
1168 1040 1289 1071 debeat
1315 1039 1445 1080 capella
1465 1048 1540 1077 una,
1558 1048 1632 1070 cum
1654 1040 1783 1079 porticu
1800 1040 2007 1077 ante‚liono-

186 1103 288 1140 ritica,
315 1103 408 1134 iuxta
434 1104 465 1134 et
491 1111 596 1143 prope
636 1102 868 1133 lncoronatam
895 1102 1094 1133 existentem
1122 1102 1152 1132 in
1191 1102 1298 1142 primo
1325 1102 1470 1142 introytu
1508 1102 1651 1133 ecclesie
1685 1103 1791 1132 sancti
1826 1102 2004 1142 Augustini

187 1163 302 1205 Papie‚
328 1167 359 1196 et
384 1165 621 1205 expendantur
647 1173 706 1204 pro
732 1164 954 1195 fabricatione
980 1166 1011 1195 et
1036 1164 1265 1194 costructione
1292 1164 1379 1194 dicte
1405 1163 1533 1203 capelle
1560 1164 1671 1194 ducati
1702 1165 2007 1204 centumquinqun-

189 1227 292 1267 ginta,
318 1227 361 1258 ad
388 1230 585 1267 computum
613 1227 771 1258 librarum
810 1229 955 1266 quatuor
981 1235 1040 1266 pro
1065 1226 1223 1256 ducatO...
1249 1227 1280 1256 et
1306 1226 1416 1256 ducati
1458 1226 1716 1266 quinquaginta,
1742 1227 1784 1257 ad
1811 1230 2005 1266 computum

188 1291 222 1320 ut
246 1298 361 1329 supra,
388 1298 448 1329 pro
474 1292 592 1320 ornatu
620 1289 706 1320 dicte
734 1288 929 1319 lncoronate
954 1290 985 1318 et
1010 1290 1226 1328 apponantur
1252 1288 1396 1328 insignia
1438 1288 1579 1328 predicti
1613 1289 1740 1319 domini
1768 1289 1949 1325 testatoris,
1975 1291 2007 1320 et

187 1352 246 1382 liec
272 1352 386 1382 omnia
412 1351 497 1382 infra
523 1360 632 1382 annos
658 1351 850 1382 duodecim.
877 1348 939 1382 Cui
967 1350 1172 1380 monasterio
1199 1358 1259 1389 pro
1284 1349 1362 1380 dote
1389 1349 1475 1380 dicte
1501 1349 1629 1389 capelle
1649 1349 1735 1389 legat
1753 1350 1900 1381 florenos
1926 1359 2008 1390 qua-

185 1414 329 1454 traginta
355 1416 488 1444 monete
514 1422 651 1444 cursure
678 1415 827 1453 tempore
853 1412 1034 1443 solutionis
1059 1411 1202 1442 fiende...
1229 1420 1377 1451 gravans
1403 1411 1554 1451 prefatus
1580 1412 1738 1443 dominus
1771 1414 1910 1443 testator
1936 1422 2009 1453 pre-

186 1475 274 1507 fatos
300 1475 457 1506 dominos
483 1474 631 1506 Priorem
658 1477 690 1506 et
716 1474 848 1505 Fratres
873 1475 979 1505 sancti
1008 1473 1223 1513 Augustini...
1249 1474 1290 1504 ad
1317 1474 1555 1505 celebrandum
1582 1476 1613 1504 et
1639 1474 1799 1505 celebrari
1818 1474 2006 1505 faciendum

183 1538 412 1569 anniversalia
438 1540 582 1577 quatuor
607 1546 682 1568 cum
710 1537 824 1568 missis
851 1537 966 1576 parvis
992 1536 1171 1566 duodecim
1198 1545 1259 1576 pro
1286 1536 1420 1576 singulo
1447 1535 1571 1573 officio,
1599 1537 1690 1567 iuxta
1718 1537 1813 1567 ritum
1833 1537 1912 1568 dicti
1941 1546 2009 1567 mo-

186 1599 333 1637 nasterii,
359 1599 449 1630 omni
476 1608 565 1630 anno
591 1599 633 1629 ad
659 1599 784 1630 dictum
822 1599 926 1629 altare
953 1598 1218 1629 construendum
1256 1599 1288 1628 et
1325 1600 1402 1638 post
1443 1598 1728 1629 constructionem
1756 1599 1876 1638 ipsius,
1902 1601 1933 1630 et
1960 1600 2008 1629 in-

186 1661 278 1692 terim
306 1661 337 1691 in
365 1660 494 1701 prefata
531 1660 676 1691 ecclesia
713 1660 820 1691 sancti
860 1659 1040 1700 Augustini
1067 1662 1097 1690 et
1123 1660 1186 1690 lioc
1213 1660 1243 1690 in
1271 1662 1481 1699 perpetuum.
1519 1659 1565 1690 Ac
1603 1660 1701 1691 etiam
1740 1662 1857 1700 gravat
1883 1661 2008 1692 dictum

187 1723 427 1754 monasterium
454 1722 496 1754 ad
521 1722 760 1754 celebrandum
787 1724 817 1753 et
843 1722 1005 1753 celebrari
1032 1721 1223 1753 faciendum
1262 1722 1399 1753 missam
1439 1731 1536 1753 unam
1576 1731 1713 1762 parvam
1741 1723 1873 1763 singula
1900 1723 1952 1754 die
1980 1724 2009 1754 in

187 1786 386 1825 perpetuum
412 1784 455 1815 ad
481 1784 607 1816 dictum
634 1784 737 1815 altare
762 1784 1038 1821 construendum,
1065 1786 1095 1815 et
1123 1785 1251 1815 interim
1279 1785 1386 1815 donec
1411 1787 1635 1821 construetur,
1656 1786 1685 1815 in
1707 1785 1835 1825 prefata
1854 1785 2010 1817 ecclesia.

186 1848 217 1878 et
244 1847 306 1877 lioc
332 1855 392 1887 pro
418 1847 530 1878 anima
557 1846 698 1886 predicti
726 1846 852 1877 domini
880 1846 1061 1877 testatoris.

943 2019 1256 2060 DCCXCIV.

281 2127 453 2163 Religiosi
480 2124 695 2163 agostiniani
720 2128 900 2164 promossi
927 2128 998 2163 agli
1025 2128 1149 2156 Ordini
1176 2129 1282 2156 sacri.

777 2232 913 2256 1522
926 2248 938 2262 ‚
972 2232 1302 2263 ‹noe—1111)1·e‚
1332 2233 1422 2257 20.

728 2319 805 2339 [Areli.
824 2319 904 2339 Nufar,
922 2320 943 2339 ili
961 2319 1031 2340 l’ax‘in
1048 2331 1071 2332 j
1089 2320 1136 2340 Atti
1153 2320 1174 2339 ‹li
1192 2320 1302 2340 Riccnrdn
1319 2320 1455 2343 Rovcscniai

437 2486 615 2514 RDINATlo
641 2483 729 2512 tenta
756 2490 814 2521 per
840 2481 1059 2512 reverendum
1086 2481 1258 2512 dominum
1285 2481 1467 2521 Opicinum
1485 2482 1524 2513 de
1540 2481 1734 2515 Gentilibus
1760 2484 2009 2524 suffraganeum

461 2544 491 2574 in
518 2544 659 2574 ecclesia
687 2543 802 2574 maiori
831 2542 946 2583 papie,
975 2543 1129 2574 videlicet
1157 2544 1187 2573 in
1214 2544 1358 2575 ecclesia
1386 2546 1499 2575 sancte
1526 2544 1632 2575 Marie
1658 2545 1698 2576 de
1726 2546 1753 2576 le
1781 2544 1898 2577 Storis.

549 2604 599 2636 Ad
626 2606 766 2645 primam
793 2608 965 2636 tonsuram

283 2667 395 2699 Frater
420 2667 582 2699 Marelius
609 2668 649 2698 de
677 2666 793 2707 Papia,
820 2666 959 2697 Ordinis
978 2668 1085 2698 sancti
1114 2666 1292 2707 Augustini

196 2823 267 2844 trater
283 2824 381 2845 lacobus
397 2825 554 2849 theutonicus,
571 2824 640 2845 irater
659 2825 803 2850 Augustinus
815 2825 842 2844 de
853 2824 994 2849 Mediolano,
1006 2823 1076 2844 irater
1133 2824 1253 2849 Filippinav
1270 2824 1310 2844 clic
1327 2830 1367 2849 pcr
1383 2825 1402 2844 ln
1419 2827 1492 2845 morte
1509 2824 1544 2844 dcl
1567 2825 1649 2845 marito
1662 2825 1754 2846 intende
1766 2831 1862 2851 prissan-
1877 2831 1889 2846 ει
1906 2833 1974 2846 secun
1988 2828 2006 2845 'r

198 2868 300 2889 Ubertus
315 2869 472 2893 theutonicus,
489 2868 560 2889 trater
575 2869 736 2890 Clrristotorns
752 2869 779 2889 dc
797 2868 876 2894 Papia,
897 2868 967 2889 frater
984 2869 1014 2888 lo.
1031 2869 1074 2888 An-
1129 2875 1209 2893 nozzc,
1226 2874 1266 2894 per
1289 2869 1444 2889 determinare
1460 2869 1472 2888 il
1489 2870 1654 2894 corrispcttivo
1680 2869 1798 2890 usuirutto
1814 2876 1825 2890 :i
1844 2871 1871 2890 lei
1888 2874 2005 2895 Spellslnli‘

198 2912 276 2932 ionius
292 2912 319 2932 de
335 2912 454 2938 Oropello,
470 2912 540 2933 irater
555 2912 689 2938 Stephanus
705 2913 732 2933 de
750 2913 825 2938 Burgi)
842 2913 922 2935 Ticini.
939 2913 1009 2933 trater
1025 2913 1077 2933 Tlii-
1132 2913 1166 2933 sni
1184 2913 1234 2933 beni
1251 2913 1287 2933 del
1304 2913 1386 2933 marito
1402 2913 1498 2933 defunto
1514 2920 1525 2933 e
1541 2914 1599 2934 sulla
1621 2920 1661 2933 sun
1679 2914 1741 2934 iliilc,

198 2957 290 2976 morcus
306 2956 333 2976 de
349 2956 446 2977 eodallo
462 2957 490 2977 de
508 2956 587 2982 Papia,
603 2957 674 2978 frater
690 2957 816 2982 Gregorius
832 2958 988 2981 theutonicis,
1005 2956 1075 2977 trater
1185 2957 1217 2977 Da
1235 2963 1263 2977 un
1279 2959 1330 2978 atto
1346 2957 1380 2977 del
1400 2959 1422 2978 15
1438 2958 1554 2978 diccmbrc
1573 2959 1629 2983 1522,
1646 2961 1728 2982 rogato
1745 2959 1772 2979 ila
1789 2959 1908 2979 ‹ilicrnido
1930 2959 2006 2983 Maeui

197 3000 306 3025 Orpheus
322 3001 349 3021 dc
366 3001 484 3026 Vercellis,
509 3001 579 3022 trater
604 3001 708 3022 Andreas
724 3002 752 3022 de
769 3001 848 3027 Papia,
865 3001 902 3027 piii
919 3002 940 3021 di
957 3002 1001 3022 due
1018 3002 1073 3022 terzi
1131 3002 1211 3022 risulta
1227 3003 1268 3022 clie
1284 3002 1297 3022 il
1314 3002 1419 3022 Macsrro
1444 3001 1502 3022 irati:
1518 3002 1630 3027 Gregorio
1646 3003 1674 3023 ili·
1691 3003 1800 3023 linoilcllo
1817 3004 1837 3023 di
1854 3004 1875 3023 S.
1894 3004 2007 3027 Auosliviw

198 3044 234 3065 del
250 3044 367 3070 Capitolo,
384 3045 498 3066 ricordata
515 3046 535 3065 la
551 3045 702 3066 dedicazione
721 3046 742 3066 al
759 3048 892 3066 «monastero
916 3045 974 3066 latta
990 3046 1018 3066 du
1036 3046 1076 3066 Lo·
1131 3052 1168 3066 era
1185 3046 1206 3065 in
1223 3047 1307 3071 questo
1323 3048 1402 3071 tempo
1420 3045 1513 3066 acriore
1530 3047 1550 3066 di
1567 3046 1589 3066 S.
1608 3047 1680 3067 Maria
1691 3047 1711 3066 ili
1722 3046 1800 3068 Casu-1
1812 3047 1932 3071 d'Agoguri
1949 3047 2006 3067 della

199 3093 268 3109 renzo
284 3087 366 3109 Sti-ada
383 3089 403 3109 ai
419 3089 445 3109 29
459 3089 531 3114 aprile
559 3090 615 3113 1521,
642 3090 706 3110 viene
722 3096 734 3110 a
751 3090 809 3116 pani
834 3090 892 3110 colla
909 3090 930 3110 di
947 3090 976 3110 lui
995 3090 1077 3114 maalle
1133 3090 1219 3110 diocesi
1236 3095 1329 3115 pavcse.
