2305 3407
283 156 344 188 178

1010 335 1364 377 DCCCLVIII.

369 450 501 484 Legato
526 446 794 476 testamentario
821 446 855 474 di
883 446 1016 473 Bianca
1043 445 1210 473 Roverini
1237 444 1383 473 Berneri
1410 453 1429 472 a
1456 444 1578 472 favore
1604 444 1638 472 di
1665 444 1700 472 S.
1727 444 1913 479 Agostino.

906 541 1042 565 15:3ss
1055 556 1068 569 ,
1101 540 1320 571 3:31195110
1333 555 1346 568 ,
1381 540 1471 564 25.

794 629 871 651 =Arclr
889 630 968 650 Nntar.
985 629 1006 649 di
1025 629 1102 650 l‘aviav
1120 640 1143 642 ἡ
1160 629 1204 649 Atti
1220 628 1241 648 di
1258 628 1315 649 Gian
1333 628 1461 649 Francesco
1479 627 1576 648 Boldoni
1592 645 1594 647 .

530 833 763 859 ESTAMENTO
789 828 823 858 di
848 827 975 858 Bt'uucu
1003 826 1168 859 lauwini.
1198 824 1480 857 i’‹²d01·‹1‹li'Gi'un
1507 824 1616 856 pietro
1635 824 1776 856 Berneri.
1803 825 1901 856 Vuole
1918 825 2009 865 quod
2029 825 2102 856 eius

551 891 697 922 cadaver
723 890 907 929 sepeliatur
934 890 963 919 in
992 889 1135 919 ecclesia
1163 889 1268 919 sancti
1297 887 1475 927 Augustini
1504 890 1533 918 et
1562 888 1591 917 in
1620 890 1838 918 monumento
1866 887 1895 917 in
1923 896 1990 927 quo
2007 896 2104 927 sepe-

357 817 465 931 Ti*

284 1019 405 1058 plicare
433 1018 535 1048 libras
561 1017 742 1047 ducentum
771 1015 962 1054 imperiales
990 1015 1019 1044 in
1048 1013 1186 1044 tondum
1217 1022 1316 1043 unuin
1346 1014 1537 1044 idoneum...
1577 1014 1710 1043 nomine
1749 1013 1942 1044 monasterii
1970 1015 1999 1043 et
2025 1021 2104 1044 con-

497 990 502 991 7
553 954 676 984 liuntur
700 951 747 989 (1'11
774 952 918 987 biiincir).
947 952 1022 982 item
1051 952 1205 991 gravavit
1232 951 1464 991 infrascriptos
1490 951 1562 982 eius
1591 951 1731 981 lieredes
1755 951 1845 990 quod
1873 951 2018 982 debeant
2045 951 2104 981 im-

285 1084 403 1111 venius
431 1079 571 1119 predicti
599 1078 803 1111 monasterii,
830 1080 860 1107 et
888 1077 996 1107 lictum
1025 1076 1115 1116 quod
1142 1076 1345 1116 percipietur
1371 1085 1411 1106 ex
1440 1076 1528 1106 dicto
1555 1075 1691 1106 fondo...
1720 1075 1861 1106 relassat
1888 1075 2017 1115 prefato
2036 1084 2106 1105 mo-

283 1143 430 1173 nasterio
457 1151 516 1181 pro
542 1141 653 1172 anima
681 1140 790 1180 ipsius
816 1139 1007 1171 testatricis,
1034 1147 1108 1169 cum
1136 1147 1235 1169 onere
1263 1140 1371 1169 tamen
1399 1138 1591 1169 celebrandi
1618 1137 1760 1168 offitium
1801 1147 1901 1168 unum
1928 1146 1946 1168 a
1965 1137 2105 1168 mortuis

283 1205 418 1244 singulo
446 1212 560 1235 mense
586 1206 616 1234 et
643 1203 782 1233 missam
825 1210 924 1232 uuam
966 1201 1099 1242 singula
1133 1201 1326 1232 ebdomada
1353 1210 1413 1241 pro
1439 1200 1549 1232 anima
1576 1201 1685 1240 ipsius
1711 1200 1845 1231 domine
1871 1200 2051 1231 testatricis
2076 1202 2108 1231 et

284 1266 521 1298 defunctorum
559 1274 710 1302 suorum,
749 1265 907 1296 videlicet
947 1264 1070 1295 dietam
1113 1264 1250 1294 missam
1279 1264 1309 1294 in
1337 1263 1390 1294 die
1417 1264 1447 1294 in
1478 1271 1544 1304 qua
1585 1263 1705 1294 curerit
1731 1263 1804 1294 dies
1831 1262 1932 1294 Beate
1958 1261 2106 1304 Virginis

285 1329 401 1365 Marie,
430 1338 494 1369 que
523 1330 572 1360 est
598 1328 672 1359 dies
697 1328 738 1359 25
765 1327 884 1365 martii,
911 1328 942 1358 et
967 1326 1111 1357 offitium
1139 1326 1170 1357 in
1197 1326 1251 1357 die
1277 1326 1421 1364 veneris,
1447 1327 1478 1357 et
1503 1326 1552 1357 sic
1579 1325 1778 1356 successive
1812 1325 1852 1356 de
1879 1333 1993 1356 mense
2019 1326 2050 1356 et
2075 1325 2107 1356 in

284 1391 477 1423 ebdomada
496 1388 558 1430 (l).

1051 1544 1352 1585 DCCCLIX.

376 1656 402 1684 Il
429 1655 590 1692 Capitoto
617 1655 651 1683 di
678 1655 713 1683 S.
742 1654 909 1683 Mostiola
936 1655 980 1683 da
1005 1653 1061 1682 un’
1083 1654 1295 1682 investitura
1318 1658 1498 1690 perpetua.

880 1777 1020 1801 1:336
1030 1792 1044 1807 9
1076 1778 1401 1802 settenmlu-e
1412 1791 1426 1807 9
1458 1775 1494 1800 7
1505 1790 1518 1800 .

824 1866 891 1886 Ascli.
909 1866 989 1886 Notar.
1007 1865 1028 1885 di
1046 1865 1116 1886 ania
1133 1875 1157 1878 —
1173 1865 1220 1886 Atti
1237 1865 1258 1885 di
1275 1864 1333 1885 (Εἰ-111
1349 1865 1479 1886 Franeesco
1497 1864 1580 1886 Porzio
1597 1882 1600 1885 .

362 2050 477 2167 A

562 2066 659 2095 santa
685 2063 853 2101 Mosti'olcz,
879 2064 1042 2095 radzmato
1068 2063 1092 2095 il
1117 2062 1280 2104 Capt'tol0‚
1308 2062 1341 2094 α’
1353 2062 1466 2094 ordine
1499 2062 1611 2094 fratris
1638 2062 1680 2094 lo.
1708 2061 1860 2103 Baptiste
1886 2061 2042 2093 Astensis
2068 2061 2117 2092 vi-

562 2127 675 2158 carii...
701 2126 858 2158 habentis
884 2128 1085 2167 potestatem
1111 2125 1323 2157 convocandi
1351 2124 1571 2165 capitulum...
1597 2132 1797 2155 concessam
1824 2132 1915 2164 per...
1941 2123 2115 2155 dominum

508 2224 527 2226 ξ
563 2190 761 2229 magistrum
788 2188 1015 2229 Augustinum
1031 2189 1072 2220 de
1089 2188 1290 2229 Maynardis
1316 2186 1498 2219 Priorem...
1517 2187 1548 2218 in
1564 2196 1632 2227 quo
1647 2187 1783 2227 quidem
1809 2186 1957 2227 capitulo
1982 2185 2117 2218 fuerunt

293 2251 444 2291 prefatus
470 2251 629 2283 dominus
656 2251 809 2283 Vicarius
834 2254 897 2282 et...
924 2251 1025 2282 frater
1050 2249 1195 2283 Carolus
1221 2251 1261 2281 de
1288 2249 1495 2291 Arigonibus
1521 2250 1674 2281 sindicus
1699 2251 1730 2280 et
1756 2251 1952 2290 procurator
1969 2250 1999 2280 et
2017 2247 2118 2280 frater

293 2312 428 2346 Rochus
454 2313 495 2345 de
522 2312 748 2354 Camayrano,
770 2313 829 2354 piri
854 2313 889 2345 di
912 2313 975 2345 cine
1000 2313 1082 2344 terzi
1105 2312 1159 2344 del
1185 2311 1349 2352 Capnolo,
1378 2312 1489 2344 ιίἁηηο
1514 2313 1704 2344 Investitzira
1726 2313 1884 2352 perpetua
1910 2310 1956 2342 acl
1971 2310 2114 2342 Antonio

295 2375 405 2409 Rocco
431 2375 554 2416 Rumpi
577 2376 612 2407 cii
634 2375 751 2407 alcime
776 2378 855 2407 terre
880 2376 912 2407 in
940 2375 1124 2416 Cilavegna
1150 2384 1166 2407 e
1191 2374 1337 2413 Paroria,
1359 2383 1421 2415 per
1442 2374 1500 2406 lire
1526 2375 1735 2414 quaranttma
1761 2373 1818 2405 all'
1832 2382 1929 2405 anno,

353 2533 383 2552 ‹t›
400 2532 433 2553 Un
449 2532 510 2552 altro
525 2532 604 2557 legato
620 2537 661 2558 per
676 2532 698 2553 S⁴
716 2532 830 2557 Agostino
846 2532 868 2553 tu
885 2532 944 2553 tatto
966 2532 986 2553 ai
1003 2533 1029 2553 25
1043 2532 1180 2557 settembre,

299 2581 342 2597 con
358 2577 500 2596 testamento
523 2577 606 2600 rogato
630 2576 659 2596 da
684 2576 741 2597 Giau
767 2576 910 2597 Bcrnardino
927 2576 991 2602 Ripa,
1008 2576 1037 2596 da
1055 2576 1132 2597 Pietro
1148 2576 1176 2597 de

300 2619 436 2641 Raverdinis
451 2620 472 2640 di
490 2619 565 2640 Busca
587 2620 623 2641 nel
647 2619 774 2644 Piemonte,
798 2620 928 2641 din-rorante
944 2620 965 2641 in
983 2620 1060 2641 ΡῆνίῑιΔ
1079 2620 1126 2646 Egli
1143 2626 1178 2641 or-

1289 2531 1414 2553 Parinienti
1429 2532 1474 2557 agli
1499 2532 1518 2552 11
1543 2531 1565 2552 di
1588 2531 1714 2552 novembre
1736 2531 1851 2552 troviamo
1876 2531 1934 2556 negti
1950 2530 1993 2551 atti
2016 2530 2038 2550 di
2053 2529 2111 2552 Gian

1233 2577 1361 2597 Franccsco
1378 2576 1460 2597 Porzio
1472 2576 1486 2596 il
1498 2577 1640 2596 testamento
1649 2575 1670 2596 di
1681 2575 1791 2601 magister
1806 2574 1918 2596 Silvester
1927 2574 1954 2596 de
1964 2574 2110 2597 Rovarinisi..

1232 2621 1397 2646 ammatarius,
1413 2620 1448 2641 nel
1465 2620 1533 2646 quale
1549 2620 1653 2646 disponit
1669 2619 1732 2646 quod
1748 2619 1847 2640 cadaver
1863 2625 1930 2640 suum
1946 2619 2075 2645 sepeliatur
2089 2619 2111 2640 irt

299 2663 363 2685 <linat
379 2664 443 2689 quod
458 2663 596 2684 adveniente
611 2669 667 2685 casu
684 2664 734 2685 eius
750 2664 839 2689 mortis,
855 2664 955 2685 cadaver
979 2670 1047 2685 suum
1063 2664 1181 2685 deteratur

299 2709 322 2729 et
337 2708 465 2735 sepeliatur
479 2708 509 2729 ad
525 2708 646 2729 ecclesiam
663 2708 736 2729 sancti
752 2708 875 2733 Augustini
892 2708 963 2734 Papie
974 2708 1068 2729 Ordinis
1080 2708 1180 2729 Heremi-

301 2754 386 2778 tarum,
401 2753 437 2773 cui
453 2752 595 2773 monasterio
617 2753 691 2773 sancti
715 2753 838 2778 Augustini
861 2753 946 2778 legavit
961 2754 984 2774 et
999 2753 1061 2778 legat
1077 2753 1179 2774 florenos

301 2797 380 2818 decem
397 2798 468 2818 semel
485 2799 582 2818 tantuin.

1235 2665 1333 2686 ecclesia
1349 2665 1423 2686 sancti
1439 2664 1562 2689 Augustini
1579 2663 1676 2690 papie...
1692 2669 1792 2690 gravans
1815 2663 1938 2684 heredes..
1954 2663 1984 2684 ad
1999 2663 2111 2685 celebrari

1235 2708 1365 2730 iaciendum
1390 2709 1484 2730 missam
1509 2714 1578 2730 unam
1603 2713 1698 2734 parvam
1722 2707 1812 2734 singula
1836 2708 1976 2733 ebdomada,
1991 2713 2067 2734 usque
2082 2707 2111 2729 ad

1233 2759 1307 2774 annos
1322 2753 1411 2779 deceni,
1427 2753 1562 2779 incepturos
1576 2758 1590 2774 a
1605 2753 1642 2774 die
1657 2753 1737 2774 obitus
1752 2752 1827 2779 ipsius
1842 2752 1928 2773 domini
1939 2752 2061 2774 testatoris
2070 2758 2112 2778 pro

1232 2797 1309 2818 anima
1325 2797 1407 2823 ipsius.
