2305 3407
1923 125 1986 158 289

874 307 1276 348 CMLXXXIII.

255 418 282 445 11
309 417 470 454 Capitolo
496 417 530 445 di
555 417 588 445 S.
622 416 795 452 Agostino
822 416 855 444 fa
889 425 957 444 una
989 417 1216 445 transazione
1242 418 1296 453 pel
1330 419 1490 454 ricupero
1523 419 1557 446 di
1595 429 1639 447 un
1676 420 1809 448 credito
1837 421 1870 449 di
1897 422 1984 450 frate

169 480 310 508 Andr-ea
337 480 460 508 Poma.

754 601 875 625 1561
886 616 900 632 9
937 602 1103 626 setta—1
1114 603 1261 626 t117)1·e
1272 617 1285 633 9
1318 602 1369 626 2(
1377 603 1407 627 ἶ.

702 708 780 729 1Α1-011,
799 708 879 729 Notar.
896 708 918 728 di
936 708 1006 728 Pavm
1024 720 1045 721 νὴ
1064 709 1111 728 Atti
1128 709 1149 728 111
1167 709 1308 729 Alessandro
1325 709 1425 735 folperti

230 865 353 982 Ν

301 1001 405 1040 *r-ffl
432 1005 531 1044 gione
550 1003 791 1035 Heremitarum
811 1005 916 1035 sancti
943 1003 1134 1044 Augustini,
1154 1006 1248 1036 extra
1276 1004 1481 1045 Religionem
1509 1015 1722 1037 commorans
1748 1009 1778 1038 et
1805 1016 1840 1038 se
1866 1016 1986 1047 gerens

412 884 454 910 El.
490 881 647 911 convento
680 880 714 911 <ri
750 879 782 912 S.
817 879 988 919 Agostitm.
1023 878 1108 911 Cum
1147 880 1188 910 sit
1221 880 1312 919 quod
1351 880 1391 911 de
1429 889 1518 911 anno
1555 890 1654 912 curso
1691 882 1860 912 1558....

403 958 405 983 l
433 942 605 982 quondam
631 942 789 974 dominus
815 943 979 983 presbiter
1005 942 1158 974 Andreas
1184 942 1224 973 de
1252 941 1376 980 pomis,
1402 946 1477 974 ante
1508 943 1606 974 frater
1633 943 1809 983 professus
1844 946 1872 975 in
1902 944 1988 977 Reli-

403 986 405 999 Ι

1900 892 1917 913 Π
1924 892 1940 913 U
1948 892 1985 914 nc

161 1074 220 1106 pro
247 1066 444 1106 presbitero,
471 1066 700 1098 venditionem
726 1066 872 1097 fecerit...
899 1066 1002 1097 nobili
1024 1065 1061 1097 D.
1083 1066 1203 1098 Iacobo
1224 1066 1370 1098 Antonio
1395 1068 1437 1099 de
1463 1066 1670 1100 Galleanis...
1691 1069 1870 1100 habitatori
1898 1072 1981 1101 terre

161 1126 296 1159 Casalis
323 1127 593 1169 Pusterlenghi...
621 1129 661 1160 de
681 1129 781 1160 bonis
807 1129 1038 1160 immobilibus.
1065 1129 1244 1169 descriptis
1271 1130 1301 1160 in
1330 1131 1551 1161 instrumento
1577 1132 1664 1162 dicte
1693 1132 1930 1163 venditionis...
1957 1136 1987 1163 et

167 1191 308 1230 pretium
336 1191 501 1222 dictorum
530 1191 693 1222 bonorum
720 1192 810 1231 capit
836 1199 1001 1222 summam
1028 1191 1185 1222 librarum
1205 1192 1346 1223 duarum
1367 1193 1454 1223 mille
1474 1196 1751 1233 quatuorcentum
1772 1195 1984 1235 septuaginta

162 1255 290 1293 septem
315 1255 346 1284 et
371 1253 544 1284 soldorum
570 1255 645 1284 octo
673 1253 916 1293 imperalium...
943 1253 1054 1293 sitque
1082 1262 1196 1284 verum
1227 1254 1317 1294 quod
1346 1255 1386 1286 de
1419 1255 1509 1286 dict>
1541 1264 1629 1286 atino
1660 1257 1742 1287 1558
1767 1259 1796 1287 01
1823 1257 1877 1288 die
1903 1266 1986 1288 mer-

160 1315 241 1345 curii
268 1315 310 1346 28
335 1315 463 1346 mensis
489 1316 735 1355 septembris...
763 1315 935 1355 predictus
962 1314 1000 1346 D.
1028 1316 1193 1356 presbiter
1219 1316 1371 1348 Andreas
1398 1317 1438 1348 de
1458 1317 1582 1352 Pomis,
1601 1320 1728 1349 attento
1747 1319 1880 1350 decreto
1906 1328 1986 1359 apo-

161 1377 224 1408 lico
250 1379 326 1408 tunc
353 1378 514 1417 temporis
552 1377 734 1418 publicato,
761 1386 818 1417 per
844 1378 935 1418 quod
973 1378 1220 1418 disponebatur
1245 1388 1363 1411 omnes
1393 1379 1510 1411 fratres
1547 1389 1706 1420 egressos
1738 1383 1831 1412 extra
1869 1390 1983 1412 eorum

160 1440 363 1470 monasteria
382 1440 503 1471 debere
530 1441 659 1471 reverti.
676 1440 892 1471 donationem
912 1440 1027 1471 fecerit
1046 1440 1085 1471 de
1104 1442 1263 1472 omnibus
1281 1443 1353 1473 eius
1373 1442 1472 1473 bonis
1499 1442 1682 1473 mobilibus
1701 1446 1731 1474 et
1752 1444 1983 1475 immobilibus

161 1502 399 1532 ....reverendo
425 1502 563 1533 domino
589 1501 694 1533 Priori
722 1503 916 1533 monasterii
944 1502 1005 1534 loci
1032 1504 1139 1534 sancti
1166 1503 1256 1536 Zeni,
1283 1503 1421 1535 Ordinis
1447 1504 1582 1535 fratrum
1610 1506 1715 1536 sancti
1743 1505 1792 1536 Au
1805 1507 1936 1545 susurri,
1955 1511 1985 1538 et

160 1564 215 1603 qui
234 1564 327 1594 locus
353 1564 459 1595 sancti
486 1564 564 1595 Zeni
584 1566 635 1595 est
661 1565 725 1595 sub
751 1565 915 1595 territorio
941 1573 999 1596 seu
1028 1565 1259 1597 iurisdictione
1285 1566 1371 1597 dicte
1409 1569 1493 1597 terre
1520 1566 1654 1598 Casalis
1683 1567 1916 1608 Pusterlengbi
1935 1594 1939 1598 .
1957 1594 1984 1599 ..

161 1626 271 1665 sitque
298 1635 411 1657 verum
439 1627 530 1666 quod
557 1626 597 1657 de
623 1636 712 1657 anno
753 1636 852 1658 curso
883 1627 965 1658 1559
990 1629 1020 1658 et
1046 1628 1099 1658 die
1125 1628 1166 1658 27
1186 1629 1313 1659 mensis
1340 1629 1542 1668 septembris
1577 1630 1747 1668 predictus
1781 1631 1985 1661 reverendus

160 1687 318 1719 dominus
343 1688 443 1720 frater
470 1688 623 1720 Andreas
648 1689 746 1720 aliam
773 1689 990 1720 donationem
1010 1689 1125 1721 fecerit
1151 1690 1337 1721 reverendo
1356 1691 1493 1721 domino
1513 1691 1603 1722 fratri
1625 1691 1744 1731 Egidio
1763 1692 1803 1722 de
1823 1692 1984 1724 Valentiis

158 1751 400 1790 representanti
422 1759 601 1791 personam
621 1752 796 1783 reverendi
817 1752 942 1783 domini
964 1752 1113 1793 magistri
1133 1750 1335 1783 Cliristofori
1355 1753 1395 1784 de
1416 1752 1530 1784 Padua
1550 1752 1728 1785 Generalis
1749 1754 1825 1785 dicti
1846 1753 1985 1785 Ordinis

160 1812 364 1852 prefatorum
392 1813 570 1844 dominoru
586 1823 606 1844 n
633 1813 771 1845 fratrum
791 1814 896 1845 sancti
917 1813 1096 1855 Augustini
1125 1814 1378 1853 Heremitarum‚
1398 1816 1571 1855 stipulanti
1592 1817 1725 1847 nomine
1744 1819 1774 1847 et
1794 1817 1865 1847 vice
1892 1826 1982 1848 reve-

160 1875 338 1906 rendorum
365 1875 576 1906 dominorum
604 1875 731 1907 Prioris
755 1878 786 1907 et
812 1876 948 1907 fratrum
976 1878 1169 1908 monasterii
1197 1879 1313 1909 sancte
1340 1878 1446 1909 Nlarie
1473 1881 1556 1909 terre
1583 1879 1689 1909 sancti
1710 1878 1828 1919 Angeli
1849 1879 1984 1909 iurisdi-

158 1937 280 1967 ctionis
306 1937 490 1975 laudensis,
516 1937 668 1969 similiter
694 1938 735 1969 de
768 1939 928 1970 omnibus
954 1939 1026 1970 eius
1057 1940 1189 1970 bonis...
1223 1942 1254 1970 et
1288 1940 1447 1980 precipue
1477 1940 1517 1971 de
1551 1940 1641 1971 dicto
1667 1941 1794 1971 credito
1820 1941 1982 1972 dictarum

160 1999 318 2030 librarum
344 1999 485 2031 duarum
512 2000 601 2031 mille
619 2000 684 2031 sibi
705 2000 893 2031 debitarum
913 2010 972 2041 per
991 2001 1156 2041 prefatum
1175 2002 1348 2032 dominum
1369 2001 1525 2033 Iacobum
1546 2001 1728 2032 Antonium
1748 2002 1789 2033 de
1809 2001 1983 2034 Galleanis

207 2062 317 2102 sitque
344 2070 459 2093 verum
485 2063 577 2102 quod
604 2062 776 2102 predictus
803 2063 1011 2095 reverendus
1037 2064 1196 2094 dominus
1221 2063 1323 2095 frater
1348 2062 1583 2096 christoforus
1608 2064 1687 2095 dicti
1715 2063 1854 2095 Ordinis
1882 2064 1980 2095 flere·

159 2124 313 2154 mitarum
340 2124 446 2155 sancti
474 2123 653 2164 Augustini
681 2123 776 2155 Prior
800 2126 831 2156 et
865 2123 1044 2157 Generalis
1069 2126 1277 2157 ordinaverit
1310 2135 1369 2166 per
1403 2126 1539 2156 modum
1575 2126 1756 2157 litterarum
1786 2127 1982 2166 patentium,

159 2185 250 2225 quod
279 2185 366 2216 bona
392 2185 517 2216 donata
543 2194 602 2225 per
620 2186 806 2226 predictum
825 2186 999 2217 dominum
1018 2186 1152 2219 fratrem
1172 2187 1341 2218 Andream
1361 2187 1411 2218 vel
1432 2187 1521 2218 dicto
1541 2188 1746 2218 monasterio
1765 2189 1872 2219 sancti
1892 2187 1982 2226 Zeni,

159 2247 210 2278 vel
235 2247 327 2279 dicto
351 2248 532 2279 conventui
559 2246 678 2279 sancte
705 2248 811 2280 Marie
837 2251 1030 2280 constructo
1051 2250 1081 2280 in
1101 2250 1189 2280 dicta
1204 2251 1290 2280 terra
1308 2250 1414 2281 sancti
1435 2249 1553 2289 Angeli
1572 2250 1692 2281 cedant
1710 2250 1751 2280 ad
1767 2250 1981 2280 commodum

156 2311 188 2340 et
225 2309 398 2341 utilitatem
433 2310 626 2341 monasterii
664 2310 733 2341 divi
769 2310 948 2351 Augustini
982 2311 1131 2342 civitatis
1169 2310 1273 2351 Papie
1306 2314 1336 2342 et
1368 2320 1426 2343 seu
1461 2312 1614 2342 eiusdem
1652 2312 1846 2349 conventui,
1882 2314 1980 2352 prout

158 2371 258 2403 latius
272 2380 314 2403 ex
331 2372 415 2412 ipsis
431 2372 549 2403 litteris
575 2372 800 2403 ordinationis
825 2381 883 2403 seu
910 2374 1091 2404 creationis
1117 2373 1275 2414 religitur.
1292 2374 1380 2405 datis
1408 2373 1511 2414 Papie
1530 2373 1580 2413 (l)
1598 2374 1651 2405 die
1678 2374 1844 2414 vigesimo
1863 2377 1983 2414 quarto

163 2530 183 2550 el
199 2529 341 2550 monasterio
353 2530 407 2550 resti
424 2535 493 2550 senza
509 2530 585 2550 catrico
601 2530 627 2550 ne
643 2530 754 2555 aggravio
770 2530 791 2550 di
808 2535 877 2555 spesa
894 2535 934 2555 per
950 2530 980 2551 tal
997 2536 1044 2550 11111-

162 2574 254 2594 fazione
263 2579 328 2594 corne
339 2574 351 2594 e
366 2574 444 2599 giusto
460 2576 481 2594 et
494 2575 601 2594 honesto.
614 2584 637 2587 --
649 2574 766 2595 Rolandus
782 2574 877 2595 Curtius
892 2574 982 2600 demit„
995 2576 1039 2595 etc.

164 2618 249 2639 Comes
266 2619 352 2639 Ludov.
371 2618 479 2640 Beccaria
495 2619 584 2645 demit..
602 2619 749 2640 Hieronimus
764 2620 891 2644 Olevanus,
907 2619 986 2645 deput.
999 2622 1044 2640 etc.

205 2663 231 2684 Et
248 2663 334 2684 liabitis
348 2664 474 2689 superinde
489 2664 574 2684 debitis
590 2664 810 2687 consultatiouilms,
820 2664 975 2684 consideratis
991 2670 1043 2685 con-

162 2707 301 2732 siderandis,
317 2707 402 2728 tactum
419 2709 454 2728 cst
466 2709 576 2733 partitum
592 2714 621 2729 an
633 2708 706 2734 expeti
718 2710 740 2729 111
753 2709 787 2729 vel
804 2715 838 2732 ne,
852 2709 968 2734 videlicet,
978 2709 1040 2734 quod

161 2751 305 2773 concedatur
324 2752 514 2778 supplicantibus
529 2754 598 2778 prout
623 2753 643 2773 in
664 2753 777 2773 relatione
793 2756 814 2773 et
831 2753 894 2779 quod
911 2754 1040 2779 exequatur

163 2797 185 2816 et
200 2796 339 2817 observetur
353 2796 374 2816 in
391 2797 499 2817 omnibus
514 2798 537 2817 et
559 2802 599 2823 per
620 2798 696 2818 omnin
714 2799 781 2822 prout
799 2797 819 2817 in
840 2797 901 2818 dicta
925 2798 1037 2818 relatione

161 2840 294 2861 continetur
302 2842 324 2861 et
341 2841 365 2861 tit
382 2842 476 2862 mentior
495 2841 521 2862 Et
537 2841 599 2862 datis
611 2842 853 2863 balottsffiohtcntum
869 2842 911 2862 fuit
928 2842 1039 2868 partiti-n

163 2885 226 2910 quod
237 2885 277 2906 fiat
293 2887 362 2911 prout
378 2891 456 2911 supra⁴

215 2929 246 2953 (1)
257 2930 286 2950 La
302 2935 415 2955 presenza
430 2930 466 2951 del
483 2930 562 2951 Priore
577 2930 690 2952 Generale
707 2937 719 2951 a
737 2931 806 2952 l’avia
822 2931 840 2951 si
852 2932 940 2956 collega
957 2931 1040 2956 proba-

162 2974 272 2996 bilmente
287 2980 330 2996 con
346 2975 366 2995 la
382 2976 492 2996 vertenza
507 2975 529 2995 di
545 2974 568 2996 S.
591 2975 713 3000 Mostiola,
729 2975 750 2996 di
767 2975 802 2996 cui
819 2976 878 2996 s'ern
895 2977 994 2996 trattato
1005 2975 1040 2996 nel

1099 2531 1202 2555 capitolo
1219 2530 1331 2551 Generale
1348 2531 1368 2550 di
1386 2531 1494 2555 Venetia,
1512 2531 1562 2551 verli
1579 2531 1631 2551 doc.
1648 2531 1683 2551 1101
1701 2531 1819 2555 1111111μί11..
1838 2531 1894 2551 1559,

1150 2575 1313 2595 Nell'urclnvio
1329 2575 1349 2595 di
1367 2574 1434 2595 Statu
1450 2575 1471 2595 di
1489 2575 1576 2595 Milano
1606 2574 1711 2600 Pergam.
1724 2575 1745 2595 di
1758 2574 1780 2595 S,
1798 2574 1921 2599 Agostinw
1934 2576 1980 2595 tro>

1101 2620 1176 2639 111111111
1192 2620 1205 2639 11
1221 2621 1334 2643 seguente
1355 2620 1406 2640 atto
1422 2619 1457 2640 1101
1477 2620 1499 2639 ui
1515 2620 1610 2640 ottnbrc·
1629 2620 1685 2644 1501,
1702 2626 1713 2640 :t
1731 2620 1806 2643 roeito
1823 2620 1843 2639 di
1867 2620 1978 2640 Giacoiro

1099 2664 1172 2685 illaria
1188 2664 1318 2689 Oltrabelli,
1335 2664 1482 2689 riguardantc¹
1499 2665 1503 2684 i
1521 2664 1572 2685 beni
1588 2664 1609 2684 di
1626 2664 1684 2684 frate
1701 2664 1792 2685 Andrea
1810 2664 1879 2685 Poma
1894 2671 1897 2684 ε

1151 2709 1172 2729 111
1188 2709 1292 2734 capitulo
1308 2709 1443 2729 monasterii
1459 2708 1480 2729 S.
1499 2709 1630 2733 Augustini.
1647 2708 1752 2730 collecto
1768 2709 1871 2734 capitulo
1894 2709 1914 2728 in
1932 2714 1978 2733 quw

1095 2752 1188 2773 fuerunt
1204 2752 1318 2777 Magister
1334 2753 1428 2773 Fulvius
1443 2758 1455 2773 a
1473 2753 1552 2773 Monte
1566 2753 1660 2774 Fortinu
1677 2753 1746 2778 prior.
1760 2752 1821 2777 Mag.
1836 2753 1977 2773 Fortunate<

1093 2798 1121 2818 de
1134 2797 1214 2823 Papia,
1226 2803 1273 2818 rev.
1283 2797 1366 2818 doctor
1382 2797 1493 2822 magister
1509 2797 1661 2818 Dmniuiclius
1673 2797 1793 2818 Firmanus
1805 2796 1977 2821 11·1’,1“115,1”Γ.’111·ῐ

1095 2841 1180 2862 Oriens
1190 2842 1218 2862 de
1230 2841 1310 2867 Papia,
1321 2840 1392 2862 frater
1404 2841 1514 2862 Nicolaus
1529 2842 1557 2862 dc
1574 2841 1654 2867 Pupia,
1666 2841 1736 2862 trater
1747 2841 1845 2862 lacobus
1856 2841 1884 2861 110
1897 2840 1976 2866 Papia,

1091 2886 1162 2907 frater
1178 2886 1251 2907 lector
1263 2886 1376 2907 lohannes
1385 2886 1531 2911 Augustinus
1540 2886 1567 2907 de
1577 2885 1675 2911 Cescna,
1688 2885 1759 2906 trater
1774 2886 1846 2906 lector
1863 2885 1976 2905 lohannes

1096 2930 1203 2956 Baptista
1220 2929 1377 2954 Pistoriensis,
1393 2929 1464 2951 trater
1480 2929 1607 2955 Gregorius
1623 2930 1650 2950 tle
1667 2930 1748 2950 Monte
1765 2930 1849 2955 Elparo
1866 2929 1976 2953 magist-:r

1097 2974 1176 2999 studii,
1188 2974 1258 2995 trater
1275 2974 1366 2995 Rocnus
1382 2974 1410 2995 de
1421 2974 1501 3000 Papia,
1517 2974 1587 2995 frater
1604 2974 1748 2998 Augustinus
1765 2974 1792 2994 111·
1804 2973 1873 2999 Papia
1885 2978 1975 3018 curffs-or,

1925 3015 1928 3019 1
1942 3007 1945 3018 l
