2305 3407
1934 143 1983 172 121

177 282 296 313 sentati
323 281 564 312 institutionem
591 282 620 311 et
647 280 910 315 destitutionem,
947 279 1232 309 confirmationem
1272 277 1321 308 vei
1349 277 1615 313 iiit'irinatioiieiii,
1641 278 1682 307 ad
1711 277 1872 316 preiatiini
1900 287 1988 309 reve*

177 344 413 374 rendissiiniiin
439 343 610 373 dominum
638 342 809 372 dominum
837 340 1042 381 Episcopum
1071 340 1121 370 vei
1148 340 1219 370 eius
1245 347 1473 376 successores,
1490 339 1588 378 pleno
1609 339 1687 375 iure,
1708 340 1870 378 pertinere
1890 344 1989 380 atqui:

175 407 338 445 spectare,
365 404 636 444 quibuscumque
675 405 704 433 in
743 403 943 434 emitrariiiin
982 402 1182 433 facientibus
1221 410 1434 440 nequaquam
1473 401 1700 437 obstantibus,
1739 410 1840 441 super
1865 404 1990 441 1111111111

176 467 334 497 omnibus
359 476 400 497 ex
427 468 514 497 certa
542 466 680 496 scientia
706 465 919 505 dispensavit
948 464 1208 495 misericorditer
1233 465 1263 493 et
1290 463 1476 502 dispensat,
1496 465 1664 502 quatenus
1689 472 1776 502 opus
1803 464 1843 494 sit
1870 467 1898 494 et
1927 475 1990 494 iioii

176 528 279 559 aliter.
306 526 461 559 Ceterum
490 527 577 558 idem
604 527 763 557 dominus
782 525 907 558 Gaieaz
933 529 1139 565 procurator,
1167 525 1257 556 dicto
1284 525 1428 561 nornine,
1456 524 1573 554 volens
1599 525 1639 555 de
1666 525 1775 555 celleri
1817 526 1992 565 capellano

176 590 263 621 dicte
299 590 427 630 capelle
465 589 653 629 providere,
680 598 721 620 ex
749 598 835 620 nunc
864 589 1048 619 nominavit
1074 591 1104 618 et
1132 587 1338 627 presentavit
1364 596 1400 617 ac
1428 586 1575 617 nominat
1602 588 1632 617 et
1659 590 1828 626 presentat
1864 588 1992 627 pretato

175 651 314 682 domino
340 651 590 682 Locunitenenti
618 650 842 681 venerabilem
870 650 1042 680 dominum
1070 649 1291 690 presbiterum
1319 648 1547 679 Alexandrum
1574 648 1615 679 de
1642 648 1819 680 Rovarinis
1837 650 1992 680 clericum

177 714 385 754 papiensem,
412 713 652 744 instituendum
690 716 720 743 et
757 713 1021 744 confirmandum
1060 713 1090 742 in
1128 710 1349 751 Capelianum
1376 713 1406 741 et
1433 720 1493 751 pro
1527 709 1714 750 Capeliano
1741 711 1826 742 dicte
1852 712 1991 752 capelle⁷

177 775 385 816 supplicans,
411 775 500 806 dicto
526 775 670 811 nomine,
696 775 808 805 debita
835 784 909 806 cuni
937 775 1105 811 instantia,
1132 773 1226 813 quod¹
1249 773 1358 803 dictus
1384 773 1543 803 dominus
1570 772 1814 804 Locumtenens
1840 774 1995 813 dignetur

177 845 252 868 eum
279 837 310 868 in
336 835 558 877 Capelianum
585 839 615 868 et
642 846 701 877 pro
728 835 914 877 Capeliano
941 837 1026 867 dicte
1052 836 1179 876 capelle
1207 835 1380 866 instituere
1406 837 1436 866 et
1463 835 1660 866 confirmare
1698 844 1771 866 cum
1810 836 1993 876 solempni-

177 898 303 930 tatibus
328 899 540 939 opportunis.
566 897 631 935 Qui
658 899 815 929 dominus
843 898 1086 929 Locumtenens
1126 906 1272 929 annuere
1299 897 1417 928 volens
1443 897 1531 928 votis
1556 899 1587 928 et
1613 898 1891 937 requisitionibus
1917 898 1994 929 dicti

177 961 302 992 domini
331 961 568 1001 procuratoris,
605 961 695 992 dicto
733 962 877 998 nomine,
916 961 1177 991 nominationem
1205 962 1235 991 et
1262 960 1545 1000 presentationem
1572 959 1612 990 de
1639 960 1730 991 dicto
1756 960 1893 991 domino
1920 960 1995 992 Aie-

179 1023 308 1054 xandro
335 1025 368 1054 ut
394 1031 496 1063 supra
523 1022 642 1054 factam
669 1023 861 1059 admittens,
889 1023 998 1062 ipsum
1026 1023 1198 1053 dominum
1219 1022 1440 1062 presbiterum
1468 1020 1697 1052 Alexandrum
1726 1022 1756 1052 in
1784 1023 1994 1062 capellanum

177 1086 208 1115 et
233 1093 294 1124 pro
319 1084 494 1124 capellano
531 1085 617 1116 dicte
655 1084 786 1124 capelle
826 1085 968 1115 instituit
994 1086 1025 1115 et
1050 1084 1260 1115 confirmavit
1285 1093 1323 1115 ac
1350 1084 1492 1114 instituit
1529 1086 1560 1114 et
1592 1084 1765 1115 confirmat
1800 1093 1858 1124 per
1885 1085 1995 1116 birreti

176 1147 277 1186 capiti
305 1147 413 1186 ipsius
440 1146 566 1177 domini
594 1146 769 1186 presbiteri
797 1145 991 1182 Alexandri,
1018 1146 1141 1177 ibidem
1167 1155 1277 1177 corani
1306 1145 1436 1185 prefato
1461 1146 1599 1176 domino
1619 1145 1878 1177 Locumtenente
1897 1146 1996 1178 flexis

178 1208 321 1248 genibus
347 1208 531 1246 constituti,
558 1217 616 1248 per
642 1217 762 1239 manus
788 1209 896 1248 ipsius
922 1208 1047 1239 domini
1076 1208 1346 1239 Locumterientis
1373 1208 1640 1247 impoxitionem,
1677 1216 1750 1238 cum
1790 1208 1996 1248 plenitudine

180 1270 260 1302 iuris
284 1271 447 1301 canonici.
474 1269 628 1302 Ceterum
657 1272 690 1301 ut
716 1271 909 1301 huiusmodi
937 1271 1101 1301 institutio
1128 1272 1158 1301 et
1183 1270 1403 1307 confirmatio,
1429 1271 1607 1309 ceteraque
1634 1269 1792 1309 predicta,
1818 1278 1915 1301 suuni
1943 1270 1997 1301 de-

179 1332 283 1364 bitum
310 1333 492 1364 sortiantur
517 1333 681 1370 ettectum,
709 1332 858 1373 prefatus
884 1333 1043 1363 dominus
1070 1332 1314 1363 Locumtenens
1339 1331 1506 1362 commisit
1531 1333 1562 1362 et
1587 1332 1762 1362 committit
1782 1332 1949 1362 universis
1967 1334 1997 1362 et

179 1395 322 1436 singulis
348 1395 545 1435 presbiteris
570 1397 601 1426 et
625 1395 755 1426 clericis
779 1395 926 1426 civitatis
952 1397 982 1425 et
1008 1394 1156 1425 diocesis
1198 1394 1373 1434 papiensis
1399 1396 1430 1425 et
1455 1393 1592 1424 cuilibet
1618 1394 1648 1424 in
1675 1394 1832 1431 solidum,
1859 1395 1914 1434 qui
1942 1403 1998 1434 per

179 1457 303 1488 dictum
329 1457 502 1488 dominum
530 1457 752 1497 presbiterum
780 1456 1020 1493 Alexandrum,
1046 1456 1257 1496 capellanum
1285 1458 1318 1487 ut
1344 1464 1457 1496 supra,
1483 1456 1634 1495 requisiti
1661 1455 1814 1486 fuerint...
1842 1459 1875 1486 iit
1900 1456 1942 1486 ad
1969 1459 1999 1487 et

179 1520 211 1550 iii
237 1522 384 1551 tenutam
411 1521 441 1550 et
466 1519 675 1559 corporalem
702 1519 958 1559 possessionem
985 1518 1072 1549 dicte
1098 1518 1227 1558 capelle
1254 1520 1381 1558 ponant
1407 1520 1437 1549 et
1464 1518 1634 1555 inducant,
1654 1518 1842 1558 iuriumque
1868 1521 1899 1549 et
1926 1527 1999 1558 pei·—

179 1581 391 1612 tinentiarum
418 1590 556 1612 suorum
582 1583 613 1612 et
638 1590 785 1618 suarum,
822 1583 853 1612 et
890 1581 1034 1612 servatis
1061 1581 1091 1611 iii
1119 1580 1296 1620 premissis
1333 1579 1453 1610 ritibus
1478 1581 1509 1610 et
1542 1580 1841 1619 solempnitatibus
1878 1589 2001 1620 oppor-

179 1644 279 1675 tunis.
306 1643 344 1674 Et
370 1644 425 1683 qui
452 1644 612 1675 dominus
650 1643 896 1674 Locumtenens
921 1643 961 1674 de
989 1643 1150 1684 predictis
1186 1642 1344 1673 omnibus
1382 1644 1413 1673 et
1439 1642 1584 1682 singuiis
1610 1642 1793 1680 mandavit,
1819 1642 1999 1682 dictusque

181 1706 340 1737 dominus
382 1705 582 1737 Procurator
622 1706 713 1738 dicto
750 1706 883 1736 nomine
924 1705 1056 1746 rogavit
1082 1714 1141 1745 per
1166 1714 1216 1736 me
1243 1705 1408 1735 notarium
1435 1705 1505 1735 fieri
1532 1704 1704 1744 pubiicum
1732 1705 1999 1735 instrumentum.

182 1767 401 1800 presentibus
426 1768 563 1799 domino
590 1768 777 1809 presbitero
804 1767 987 1799 Baidasare
1015 1767 1055 1798 de
1082 1766 1285 1799 Canistrinis
1311 1766 1380 1797 filio
1405 1767 1532 1797 domini
1560 1766 1729 1803 lobannis,
1755 1767 1892 1797 domino
1919 1766 1993 1797 Laii

180 1831 286 1862 rentio
312 1831 352 1862 de
380 1830 539 1862 Ferrariis
565 1831 633 1861 filio
659 1831 830 1870 quondam
873 1830 998 1861 domini
1039 1829 1198 1860 iohannis
1236 1829 1345 1860 iacobi
1372 1831 1403 1860 et
1429 1829 1566 1859 domino
1594 1828 1789 1860 Hieronimo
1815 1829 1855 1860 de
1882 1829 1911 1859 ia
1939 1828 2001 1861 Ro-

180 1893 275 1924 clieta
312 1893 380 1923 filio
418 1893 544 1923 domini
584 1892 752 1924 Francisci
780 1894 811 1924 et
837 1892 984 1923 iohanne
1010 1892 1051 1922 de
1078 1891 1227 1924 Rabaliis
1266 1891 1334 1922 tilio
1371 1891 1520 1931 magistri
1560 1890 1728 1927 lobannis,
1756 1891 2002 1922 habitatoribus

184 1954 297 1995 Papie,
324 1954 400 1985 iride
425 1955 570 1986 testibus
596 1956 685 1986 notis
710 1957 742 1986 et
767 1955 899 1985 idoneis
917 1952 977 1993 (1).

239 2139 269 2162 (li
284 2138 348 2159 Oitre
363 2138 437 2158 i'att·)
453 2138 474 2158 di
491 2138 602 2163 oss-*quio
619 2139 724 2163 prestato
739 2143 751 2158 a
767 2137 789 2158 S.
807 2138 920 2162 Agonia»
944 2138 980 2157 <iii
998 2137 1061 2158 Daca
1119 2137 1205 2157 domo.
1241 2137 1264 2157 in
1282 2137 1424 2157 Purrmclii'u
1441 2137 1465 2156 di
1482 2137 1504 2156 S.
1526 2136 1600 2158 Tecta,
1619 2136 1653 2156 nei
1670 2142 1713 2155 suo
1730 2137 1872 2155 teztanieiito
1889 2140 1971 2160 rogum
1985 2136 1997 2154 ni

188 2183 209 2203 di
226 2183 321 2207 Milano,
346 2183 472 2203 dobbiamo
496 2182 613 2202 rimi-dare
637 2182 768 2207 i'oniaggio
793 2188 845 2202 reso
867 2183 887 2202 ai
904 2182 1011 2207 sepulcro
1027 2182 1063 2202 del
1121 2183 1127 2201 l
1146 2182 1272 2202 settembre
1290 2181 1340 2201 1522
1355 2181 1383 2200 da
1399 2180 1456 2201 Gan
1473 2181 1600 2200 Franccsco
1612 2180 1639 2200 de
1651 2179 1722 2203 Cona,
1735 2180 1827 2204 obbliga
1844 2180 1856 2199 11
1868 2186 1912 2199 siio
1928 2180 1998 2204 ligii»,

188 2229 256 2248 santo
272 2227 300 2248 da
317 2233 345 2248 uii
361 2227 462 2247 Antonio
478 2227 537 2247 delia
553 2226 633 2251 Costa,
651 2232 679 2246 un
696 2227 763 2246 iimiie
780 2226 911 2247 lavorature
935 2226 956 2246 di
981 2226 1062 2247 Boieto
1118 2226 1186 2246 erede
1203 2226 1332 2245 universale
1348 2230 1359 2245 c
1376 2225 1429 2245 tutti
1447 2225 1450 2244 i
1467 2225 1518 2244 suoi
1535 2224 1679 2244 discendenti
1696 2224 1723 2244 ed
1740 2224 1800 2244 credi
1824 2230 1897 2249 iisque
1914 2224 1935 2244 in
1952 2225 1998 2243 11111ἶ

189 2272 249 2292 della
265 2272 351 2292 diocesi
368 2272 389 2291 di
407 2272 506 2296 Novara,
522 2271 626 2291 abitante
642 2271 662 2290 111
680 2270 758 2295 Pavia,
775 2271 788 2290 ii
805 2271 872 2296 quale
895 2270 1064 2291 considerando
1120 2271 1201 2294 iiiiiiiii,
1218 2270 1246 2289 :id
1263 2270 1323 2289 omni
1339 2275 1399 2289 annii
1416 2274 1490 2293 usque
1507 2269 1527 2288 iii
1544 2272 1691 2293 perpetuum.
1708 2268 1818 2288 celebrari
1831 2268 1960 2288 iaciendum
1978 2275 1998 2288 111

190 2317 231 2337 elie
247 2317 305 2336 nella
321 2316 376 2336 cittii
393 2316 563 2341 presentialiter
580 2317 659 2340 regnat
675 2315 752 2340 aliqua
769 2315 869 2340 suspitio
886 2315 959 2340 pestis
969 2321 1009 2335 seii
1023 2315 1069 2340 epi-
1124 2314 1248 2334 venerabili
1265 2314 1362 2334 ecclesia
1379 2316 1400 2334 et
1417 2313 1446 2333 :id
1462 2314 1534 2334 altare
1551 2313 1695 2333 devotissimi
1707 2313 1780 2333 sancti
1794 2313 1915 2337 Augustini
1929 2312 1999 2337 l'dpil*

190 2360 273 2385 denne,
289 2361 355 2381 cuius
370 2360 501 2384 occasione,
517 2361 607 2380 attenta
623 2360 745 2385 presertim
762 2361 835 2379 iiiorte
856 2359 972 2384 quondam
989 2360 1068 2379 uxoris
1124 2360 1218 2379 niissaiii
1235 2364 1301 2378 iinaiii
1319 2360 1340 2378 et
1357 2358 1378 2377 iii
1394 2358 1443 2383 ipsa
1462 2358 1530 2377 missii
1555 2359 1799 2377 commemorationem
1817 2356 1863 2377 tieri
1881 2359 1955 2377 tacere
1972 2357 1998 2376 ii·-

184 2404 323 2429 intiascripti
335 2404 464 2427 testatoris,
477 2410 521 2428 [iiie
539 2403 566 2423 d:
583 2408 661 2423 iriense
676 2403 769 2428 augusti
787 2403 889 2428 proxime
906 2404 1017 2428 preterito
1035 2403 1072 2423 de·
1123 2404 1174 2428 ipso
1190 2405 1272 2423 siricto
1325 2403 1345 2422 in
1362 2402 1520 2422 remissionem
1538 2404 1686 2427 peecatorum
1704 2404 1725 2422 et
1736 2407 1777 2426 pro
1788 2402 1910 2421 animabus
1926 2402 2000 2426 {philis

188 2449 267 2473 cessit,
292 2448 440 2473 ininissripto
465 2448 572 2468 teztarori
589 2449 611 2468 et
628 2447 675 2467 tilio
692 2453 731 2472 pei·
756 2447 834 2467 dimin
843 2453 863 2467 η
881 2447 1013 2472 Deputatos
1033 2447 1064 2467 oi-
1127 2447 1255 2467 testatoris.
1299 2449 1320 2466 ct
1337 2447 1398 2466 dicte
1414 2446 1531 2471 quondam
1548 2446 1597 2466 eins
1614 2446 1691 2466 uxoris

192 2493 244 2514 ticio
260 2493 368 2514 sanitatis
380 2492 486 2518 Papieffi.
499 2492 641 2518 prohibitum
652 2491 694 2512 luit
707 2492 848 2512 recederem.
870 2492 900 2512 ab
921 2491 1067 2517 infrascripta
