2305 3407
1946 173 2010 206 277

193 303 232 326 ac
257 296 498 328 monasterium
524 299 675 329 nostrum
700 297 822 330 habeat
847 298 878 330 in
905 298 979 331 loco
998 298 1120 332 Portus
1145 299 1312 332 Albarelle
1338 301 1421 333 ultra
1441 301 1569 334 Padum
1596 304 1805 345 principatus
1831 304 1935 346 Papie
1953 306 2013 338 do-

195 365 284 389 mum
313 367 411 390 unam
430 368 472 390 ex
490 368 556 400 qua
575 360 806 401 percipiuntur
830 361 965 402 singulo
990 370 1080 393 anno
1105 362 1146 394 de
1164 362 1241 394 ficto
1260 362 1342 395 libre
1367 367 1497 404 septem
1523 365 1725 406 imperiales,
1751 366 1863 399 chlede
1887 369 1918 399 si
1953 377 2013 409 crp-

190 420 287 460 provi
308 420 342 451 Ια
368 420 498 453 vendita
523 421 558 453 di
579 421 669 453 detta
694 430 774 454 casa
799 422 842 454 da
861 422 952 463 sarsi
974 432 995 454 a
1022 422 1189 456 Giovanni
1218 425 1348 463 Vaflati,
1373 425 1431 458 ctze
1456 426 1536 467 offre
1572 427 1608 459 di
1630 429 1832 469 comperarla
1864 438 1925 470 per
1957 430 2013 462 lire

199 481 269 514 700.
295 482 342 513 La
369 483 499 515 vendita
524 483 541 515 ἑ
565 485 748 524 approvato
773 485 805 516 in
830 484 892 516 ciue
917 486 1044 517 trattati
1059 485 1142 526 fatti
1165 487 1196 518 ίη
1221 489 1336 526 questo
1358 489 1487 527 glorno.
1513 488 1540 520 ll
1562 491 1650 520 terzo
1675 491 1807 522 trattato
1836 499 1853 522 e
1878 491 1910 522 Ia
1938 501 2011 523 ven-

195 544 265 576 dita
289 545 320 576 si
335 544 444 585 fanno
469 545 504 577 al
526 545 561 577 di
583 546 633 577 27
651 547 830 578 sucessivo.

945 774 1267 815 CMLXXI-I.

281 881 309 909 11
337 881 518 911 Pontefiee
544 881 606 910 Pio
631 882 681 910 IV
706 882 910 912 restituisce
936 883 970 911 in
995 883 1168 919 integrum
1194 884 1227 912 la
1253 889 1420 914 vertenza
1447 886 1480 914 di
1509 887 1544 915 S.
1572 887 1741 916 Mostiola
1766 897 1783 917 e
1810 889 1842 917 la
1878 891 2016 918 rimette

194 952 227 980 ai
253 952 409 981 Vescovi
435 953 469 981 di
496 953 607 982 Pavia
632 962 649 982 e
676 954 778 983 Lodi.

861 1077 1024 1109 1560,
1054 1078 1267 1110 aprile,
1296 1079 1348 1103 ὅ.

725 1190 801 1214 (Aren.
818 1191 911 1212 Ordinis
927 1191 963 1212 Er.
980 1191 1002 1212 S.
1019 1192 1142 1217 Augustini
1159 1204 1181 1205 j
1196 1192 1253 1213 cod.
1270 1193 1310 1217 Aa,
1327 1194 1359 1218 23,
1376 1193 1406 1213 fol
1430 1194 1487 1215 533¹.

275 1347 374 1464 P
441 1366 498 1393 lUS
523 1361 715 1402 Episcopus
734 1360 861 1394 Servus
880 1361 1060 1394 Servorum
1080 1362 1152 1400 Dei,
1172 1364 1424 1396 venerabilibus
1443 1365 1602 1397 fratribus
1622 1365 1780 1407 papiensi
1799 1368 1830 1398 et
1849 1367 2017 1399 Laudensi

463 1425 648 1465 episcopis,
674 1434 733 1456 seu
760 1425 893 1457 dilectis
918 1426 996 1457 filiis
1022 1435 1135 1457 eorum
1155 1426 1298 1459 Vicariis
1316 1428 1347 1458 in
1367 1428 1612 1468 spiritualibus,
1634 1429 1860 1469 generalibus,
1876 1430 2017 1461 salutem

363 1523 429 1524 ..ff
462 1490 494 1519 et
515 1488 739 1528 apostolicam
767 1489 1048 1520 1-enedictionem.
1074 1488 1255 1527 Querelam
1282 1489 1479 1520 dilectorum
1505 1489 1649 1521 filiorum
1677 1490 1814 1522 Fabiani
1842 1491 2017 1523 lanuensis

193 1551 421 1588 procuratoris
447 1551 614 1591 generalis
641 1551 743 1582 totins
769 1551 899 1583 ordinis
928 1551 1064 1583 fratrum
1107 1552 1343 1583 heremitarum
1382 1550 1414 1584 S.
1452 1551 1643 1593 Augustini,
1669 1562 1707 1584 ac
1734 1554 1856 1593 prioris
1882 1557 1914 1585 et
1950 1554 2016 1586 fra—

190 1615 274 1644 trum
300 1613 423 1645 domus
449 1612 481 1645 S.
508 1614 690 1645 Mustiolae
717 1615 892 1655 papiensis
910 1614 987 1646 dicti
1015 1615 1144 1646 ordinis
1171 1615 1202 1645 in
1229 1615 1290 1646 hac
1316 1616 1408 1655 parte
1424 1616 1618 1646 consortum
1637 1616 1830 1656 accepimus
1844 1617 2018 1648 continen-

191 1677 255 1707 tem
282 1676 372 1716 quod
399 1685 473 1707 cum
500 1677 562 1716 ipsi
591 1676 709 1708 fratres
735 1677 915 1708 ecclesiam
942 1686 1001 1708 seu
1028 1677 1164 1708 domum
1192 1676 1224 1709 S.
1252 1677 1437 1709 Mustiolae
1463 1677 1642 1718 praefatae,
1685 1679 1762 1710 dicti
1790 1680 1919 1711 ordinis
1956 1688 2015 1711 seu

192 1738 465 1778 congregationis
492 1738 521 1769 in
550 1738 685 1770 civitate
713 1739 866 1779 papiensi
893 1748 932 1770 ac
959 1740 1121 1771 immunia
1147 1740 1235 1771 bona
1253 1748 1292 1771 ac
1319 1749 1372 1772 res
1387 1742 1418 1771 et
1435 1741 1506 1772 iura
1532 1741 1725 1773 habeantet
1751 1742 2015 1782 possideant;ac

192 1800 353 1832 moderna
379 1809 438 1831 seu
465 1802 543 1831 tunc
569 1799 753 1832 Abbatissa
780 1803 811 1832 et
837 1801 1002 1833 moniales
1028 1803 1221 1833 monasterii
1260 1803 1455 1834 monialium
1498 1803 1614 1834 beatae
1652 1803 1781 1835 Mariae
1818 1805 1859 1835 de
1898 1805 2014 1836 Monte

190 1862 325 1895 Oliveto
350 1863 479 1894 ordinis
505 1861 616 1895 Sancti
643 1863 816 1895 Benedicti
843 1865 1119 1904 congregationis
1146 1864 1251 1896 Vallis
1278 1864 1466 1896 Umbrosae
1491 1865 1569 1896 olim
1594 1868 1698 1903 extra,
1718 1875 1805 1897 nunc
1832 1867 1927 1904 intra,
1946 1876 2017 1897 mu-

191 1934 246 1957 ros
270 1926 417 1957 civitatis
444 1926 619 1966 papiensis
644 1926 686 1957 ad
713 1926 889 1958 ecclesiam
917 1925 949 1958 S.
977 1926 1159 1958 Mustiolae
1187 1927 1381 1958 huiusmodi
1419 1927 1588 1968 bonaque,
1615 1928 1684 1959 iura
1711 1930 1741 1959 et
1768 1937 1820 1959 res
1846 1929 2015 1969 praedicta

192 1988 370 2028 plurimum
397 1989 585 2027 aspirarent
610 1990 640 2019 et
666 1988 729 2019 sibi
758 1989 812 2020 illa
838 1990 1058 2029 appropriare
1084 1990 1325 2025 desiderarent,
1351 1990 1488 2021 eosdem
1516 1991 1661 2030 priorem
1688 1992 1718 2021 et
1751 1990 1865 2022 forsan
1892 1991 2016 2022 diffini-

190 2053 280 2081 tores
306 2050 500 2090 provinciae
527 2050 734 2081 lombardiae
760 2053 791 2082 et
817 2051 984 2091 quosdam
1011 2051 1130 2083 fratres
1157 2053 1236 2084 dicti
1263 2053 1392 2084 ordinis
1418 2052 1449 2085 S.
1478 2052 1632 2093 Agustini
1659 2054 1700 2084 ad
1729 2054 1898 2093 quandam
1942 2063 2016 2094 pre—

190 2116 319 2144 tensam
346 2113 562 2144 concordiam
588 2122 662 2143 cum
689 2113 829 2144 eiisdem
857 2114 1061 2145 monialibus
1086 2115 1276 2146 faciendam
1303 2124 1376 2145 cum
1415 2115 1612 2155 provisione
1650 2118 1680 2146 et
1717 2115 1924 2156 obligatione
1962 2125 2016 2146 so-

191 2175 328 2206 lutionis
353 2177 481 2206 asserte
508 2175 706 2214 quantitatis
743 2176 960 2215 pecuniarum
998 2176 1062 2206 sub
1099 2177 1198 2207 certis
1235 2177 1336 2207 modo
1373 2179 1403 2208 et
1430 2177 1536 2207 forma
1574 2177 1779 2217 quibusdam
1821 2178 1897 2208 anni
1936 2180 2015 2208 tem-

190 2237 331 2277 poribus
357 2240 434 2268 tunc
459 2236 572 2268 forsan
600 2237 774 2277 expressis
815 2246 889 2268 cnm
917 2238 1087 2269 nonnullis
1113 2239 1220 2278 pactis
1246 2242 1277 2270 et
1306 2240 1603 2275 conventionibus,
1642 2240 1672 2270 in
1713 2240 1934 2271 instrumento
1972 2240 2012 2270 de

190 2308 292 2340 super
318 2299 473 2331 contecto
500 2299 598 2330 latius
624 2300 800 2336 contentis,
828 2299 1042 2337 induxerunt,
1069 2300 1280 2338 seduserunt,
1308 2304 1499 2342 coegerunt;
1538 2301 1793 2341 Abbatissaque
1819 2304 1850 2333 et
1885 2303 2012 2333 monia-

190 2363 237 2393 les
264 2361 445 2402 praefatae,
472 2362 637 2401 quasdam
679 2362 943 2393 confirmationis
984 2372 1001 2394 a
1028 2372 1122 2394 sacra
1149 2363 1406 2403 poenitentiaria
1433 2363 1496 2394 sub
1523 2366 1610 2394 certa
1637 2363 1743 2395 forma
1774 2366 1851 2395 tunc
1871 2373 2011 2404 expres-

189 2433 226 2456 sa
245 2433 348 2465 supxr
375 2425 552 2464 premissis
578 2425 794 2455 obtinuerunt
822 2424 946 2456 litteras
974 2427 1072 2465 prout
1091 2426 1121 2456 in
1140 2426 1268 2456 eisdem
1296 2426 1400 2456 literis
1426 2426 1525 2456 etiam
1545 2426 1665 2456 dicitur
1684 2426 1817 2466 plenius
1836 2426 2008 2457 contineri.

189 2485 274 2519 Cum
300 2489 422 2524 autem,
448 2487 536 2518 sicut
561 2487 678 2518 eadem
705 2487 840 2527 querela
867 2487 1104 2527 subiungebat,
1132 2488 1318 2527 praemissa
1345 2488 1457 2518 omnia
1484 2491 1515 2519 et
1541 2488 1674 2529 singula
1702 2488 1790 2519 nulla
1810 2490 1840 2519 et
1860 2489 2008 2519 invalida

189 2550 346 2586 existant,
373 2549 583 2589 praefatique
610 2551 816 2589 procurator,
842 2549 1038 2580 definitores
1063 2551 1094 2580 et
1120 2549 1250 2586 tratres,
1277 2550 1435 2590 dictaque
1466 2551 1587 2581 domus
1614 2549 1646 2582 S.
1678 2550 1871 2585 Mustiolae.
1910 2551 2006 2581 liuiu-

193 2707 294 2732 presenti
310 2708 332 2727 et
349 2712 389 2732 per
404 2706 528 2727 l'Autorita
544 2706 580 2727 del
604 2708 685 2727 nostro
710 2706 796 2730 officio,
822 2706 900 2726 diamo
925 2706 955 2726 tal
980 2705 1065 2726 inculta
1122 2706 1223 2726 Arneriis
1240 2706 1267 2726 dc
1284 2706 1436 2727 Cainairano⁴
1451 2723 1454 2726 ,
1469 2724 1471 2727 .
1490 2706 1584 2731 l‘rioris,
1601 2707 1639 2728 nel
1650 2708 1719 2733 qnnlc
1734 2708 1837 2733 capitolo
1848 2713 1920 2727 pruno
1931 2708 2004 2727 nnclnv

191 2751 232 2771 che
248 2751 266 2771 si
282 2751 356 2771 venda
372 2752 394 2772 et
410 2751 450 2771 elie
466 2750 488 2771 di
504 2751 573 2777 quelli
590 2751 669 2771 danari
685 2751 703 2771 si
716 2751 816 2776 pagnino
833 2751 837 2770 i
854 2751 933 2774 debiti,
947 2752 969 2771 ct
981 2751 1022 2770 clie
1034 2750 1069 2770 dcl
1125 2750 1195 2771 irater
1212 2750 1242 2771 lo⁴
1261 2750 1366 2776 Baptista
1383 2751 1410 2771 de
1427 2751 1476 2775 Ast,
1493 2751 1563 2771 trater
1580 2751 1724 2776 Augustinus
1740 2751 1767 2771 de
1784 2751 1898 2775 Malarntc
1914 2754 1934 2771 ct
1962 2751 2004 2771 liii>

193 2796 256 2816 resto
271 2795 387 2816 avanzara
402 2795 436 2816 sia
452 2797 522 2821 posto
537 2795 559 2815 in
575 2795 627 2816 beni
649 2795 736 2819 stabili,
761 2800 831 2816 senza
854 2794 908 2815 fano
928 2795 1019 2815 alcuno.
1043 2794 1065 2815 ln
1122 2796 1156 2815 ter
1172 2795 1330 2820 Archangelus
1342 2795 1369 2815 de
1386 2795 1544 2821 Novaria‚pr't'1
1560 2796 1584 2816 cti
1599 2796 1643 2816 ttnr·
1655 2796 1714 2817 ter-zi
1726 2796 1764 2816 dcl
1791 2796 1909 2821 Capitoli»,
1929 2796 1949 2816 ,xi
1971 2796 2000 2816 ιΙιι

192 2839 289 2860 Nomine
305 2839 381 2860 Patris
396 2840 418 2860 et
435 2839 482 2860 Filii
498 2841 521 2860 et
536 2839 638 2865 Spiritus
653 2839 740 2865 Sancti,
765 2845 839 2860 amen.
861 2839 946 2860 Datnni
966 2838 1059 2863 Romae,
1115 2838 1214 2864 I'affrtto
1228 2845 1271 2864 per
1285 2845 1314 2859 1111
1331 2845 1394 2859 rinno
1405 2845 1419 2859 a
1433 2839 1492 2859 (inm
1505 2839 1620 2865 Agostr'no
1636 2839 1719 2860 ancri
1735 2840 1762 2859 dc
1778 2845 1846 2859 casso
1863 2845 1908 2859 nno
1920 2839 2003 2859 doinus

192 2883 228 2904 die
243 2883 312 2904 XXlX
337 2884 420 2909 martii,
445 2883 538 2909 MDLx,
554 2884 627 2904 nostri
649 2883 719 2904 otticii
735 2884 805 2904 solito
821 2884 864 2904 suh
886 2883 970 2908 sigillo.
988 2884 1067 2904 Frater
1122 2888 1173 2903 curn
1189 2883 1239 2903 eius
1254 2888 1341 2909 canepa
1358 2884 1380 2903 ct
1396 2883 1487 2903 solariis
1503 2883 1596 2904 dnobus
1607 2900 1610 2903 .
1622 2901 1641 2904 .,
1657 2889 1745 2904 :innexa
1762 2884 1870 2903 dontibus
1886 2889 1926 2903 scu
1952 2884 2003 2903 viri-

190 2926 351 2949 christoforus
365 2928 490 2953 patavinus
505 2927 619 2953 generalis
634 2928 750 2952 indignus.
1125 2928 1190 2948 dario
1207 2927 1303 2953 predicti
1320 2928 1463 2948 monasterii.
1480 2928 1506 2948 Ιιι
1524 2933 1648 2953 compenso
1667 2928 1822 2954 l'ussttttmrio
1838 2934 1857 2947 si
1879 2928 1972 2953 obbliga
1987 2934 2001 2948 n

243 2971 269 2993 Αἰ
283 2972 310 2993 30
324 2972 451 2993 settembre
469 2972 525 2997 1560,
541 2977 584 2993 con
598 2973 649 2993 atto
665 2972 686 2992 di
702 2972 760 2993 Gian
776 2972 864 2998 Angelo
883 2971 973 2997 Sacclii,
996 2971 1009 2992 il
1031 2976 1067 2992 ca·
1122 2972 1202 2992 lavare
1218 2972 1280 2992 tutta
1296 2972 1319 2992 Ια
1334 2972 1471 2992 biancheria
1482 2972 1521 2992 dcl
1535 2973 1655 2992 conventu.

191 3016 264 3042 pitulo
278 3016 403 3037 adunatosi
419 3016 446 3037 de
468 3016 578 3038 mandato
600 3017 720 3038 reverendi
742 3017 828 3038 domini
850 3016 929 3038 fratris
952 3016 1020 3038 Roctti
1043 3016 1072 3037 de
