2305 3407
1967 175 2027 207 195

212 305 302 336 mino
329 304 488 345 magistro
514 303 603 336 fratri
631 304 674 335 10.
701 304 853 345 Baptiste
880 305 1098 337 Veronensi...
1127 305 1230 337 Priori
1258 307 1381 338 ibidem
1409 307 1590 347 presenti...
1616 309 1646 338 et
1672 308 1877 348 recipienti...
1904 310 1945 340 ad
1966 310 2027 340 uti-

211 367 335 398 litatem
363 367 439 398 dicti
465 368 687 398 conventus...
729 368 841 398 omnia
867 370 897 399 et
923 369 1056 409 singula
1098 369 1185 400 bona
1224 370 1360 400 mobilia
1387 372 1416 400 et
1443 370 1662 401 immobilia...
1696 380 1760 410 que
1788 371 1912 402 liabent
1937 374 1967 402 et
1994 372 2025 402 in

210 429 357 460 futurum
385 429 558 460 habebunt
584 430 708 469 quovis
735 430 802 461 iure
828 432 859 461 et
885 431 1009 470 quovis
1035 432 1141 463 titulo,
1168 434 1228 463 etc.
1246 429 1306 471 (l).

870 605 1358 645 DCCCLXXXVII.

296 712 323 739 Il
351 712 473 740 Priore
499 712 673 740 Gener-ale
699 713 786 741 frate
812 714 1002 742 Gerolamo
1039 715 1230 751 Seripando
1269 716 1448 743 autorizza
1475 716 1497 743 il
1524 716 1706 744 Convento
1732 717 1765 745 di
1793 718 1828 745 S.
1857 718 2026 746 Mostiola

208 766 252 794 ad
279 765 474 794 affrancare
501 766 524 793 il
551 766 672 794 livello
699 767 732 794 di
759 767 937 796 Veri-etto.

854 890 1015 921 1640,
1047 892 1277 921 {lg-osto,
1306 892 1383 916 21.

786 978 853 998 Arcu.
871 978 950 999 Notas.
968 979 989 999 di
1007 979 1077 999 l'avia
1094 991 1117 993 ἡ
1134 980 1181 1000 Atti
1198 980 1219 999 di
1237 980 1340 1001 Lorenzo
1357 980 1444 1001 Ferrari
1462 998 1465 1001 .

445 1135 446 1151 1

292 1160 379 1277 F
451 1179 571 1208 RATER
598 1175 825 1216 Hyeronimus
850 1175 1098 1216 Neapolitanus
1139 1176 1278 1208 Ordinis
1319 1177 1563 1208 Heremitarum
1591 1179 1697 1209 sancti
1724 1178 1904 1219 Augustini
1932 1178 2026 1210 Prior

444 1244 445 1285 1
473 1237 651 1270 Generalis
678 1238 848 1278 indignus,
875 1239 1128 1270 venerabilibus
1155 1242 1185 1270 et
1212 1239 1310 1270 nobis
1338 1240 1368 1270 in
1395 1238 1532 1271 Christo
1558 1240 1690 1272 dilectis
1717 1240 1874 1273 Patribus
1891 1251 1930 1272 ac
1950 1242 2025 1273 Fra-

339 1336 342 1337 7
424 1337 441 1339 ἡ
473 1301 579 1332 tribus
604 1299 804 1332 Conventus
830 1300 907 1331 dive
934 1301 1095 1332 Mustiole
1121 1301 1273 1333 eiusdem
1301 1301 1440 1333 Ordinis
1465 1304 1496 1333 et
1523 1303 1591 1333 voti
1626 1303 1780 1334 salutem.

294 1361 378 1394 Cum
407 1364 505 1395 nobis
531 1364 727 1403 expositum
753 1362 851 1394 tuerit
877 1372 937 1402 pro
965 1365 1056 1403 parte
1084 1366 1195 1395 vestra
1233 1364 1406 1395 dominum
1434 1363 1682 1405 Archangelum
1709 1366 1749 1396 de
1776 1365 1936 1397 Becliaria
1964 1376 2023 1397 no-

205 1425 304 1456 bilem
331 1426 528 1466 papiensem
570 1435 692 1466 cupere
729 1426 913 1456 admodum
953 1426 1083 1457 liberari
1110 1435 1128 1457 a
1155 1426 1253 1457 vobis
1280 1426 1321 1457 de
1347 1426 1459 1457 aflictu
1502 1427 1649 1466 quodam
1691 1436 1803 1458 annuo
1845 1429 2021 1459 sacliorum

205 1489 349 1528 quatuor
374 1488 539 1526 frumenti,
558 1488 650 1528 quod
676 1488 807 1519 solvere
833 1490 962 1519 tenetur
986 1488 1158 1519 annuatim
1186 1489 1238 1519 isti
1267 1489 1470 1519 monasterio
1496 1490 1709 1529 superterris
1731 1490 1761 1520 in
1782 1490 1855 1521 loco
1875 1491 1965 1522 dicto
1992 1491 2020 1522 al

204 1550 372 1582 Verretto:
399 1550 469 1582 Nos
488 1560 525 1582 ea
552 1551 593 1582 de
620 1560 663 1589 re,
690 1551 841 1591 diligenti
869 1551 1144 1582 c‹‘›nsideratione
1171 1551 1295 1587 habita,
1321 1560 1359 1582 ac
1386 1552 1525 1591 permoti
1555 1552 1676 1583 vestris
1702 1552 2024 1592 supplicationibus,

204 1622 263 1644 nec
289 1622 354 1644 non
383 1614 413 1644 in
440 1614 580 1654 gratiam
607 1614 759 1645 eiusdem
786 1614 913 1644 domini
940 1613 1154 1654 Archangeli,
1180 1614 1350 1644 desiderio
1377 1614 1485 1653 ipsius
1512 1614 1674 1645 duximus
1692 1616 1920 1646 annuendum.
1947 1614 2025 1647 Pre-

203 1675 347 1706 sentium
376 1676 500 1707 idcirco
526 1676 706 1707 litterarum
734 1676 829 1713 serie,
856 1676 934 1706 dum
962 1676 1071 1707 dictus
1097 1676 1256 1707 dominus
1283 1675 1516 1716 Arcliangelus
1553 1677 1732 1717 consignet
1770 1680 1882 1708 vestro
1910 1687 2024 1709 mona-

202 1738 304 1769 sterio
329 1737 470 1768 fundum
497 1738 599 1769 alium
626 1747 711 1778 eque
738 1739 885 1775 uberem,
911 1738 1064 1775 fertilem,
1092 1739 1238 1769 vicinum
1265 1741 1297 1770 et
1322 1739 1379 1778 qui
1406 1739 1505 1769 sitin
1533 1739 1722 1770 evidentem
1761 1739 1903 1771 ecclesie
1938 1740 2025 1771 utili*

201 1801 313 1838 tatem,
341 1800 506 1831 licentiam
533 1803 563 1831 et
589 1800 782 1832 facultatem
811 1801 910 1832 vobis
935 1801 1155 1832 concedimus
1181 1801 1223 1831 ad
1250 1802 1528 1841 permutationem
1556 1810 1614 1832 seu
1642 1802 1764 1832 dictam
1793 1802 2022 1834 liberationem

202 1862 426 1893 deveniendi:
469 1862 538 1893 Hac
564 1867 673 1894 tamen
702 1863 783 1904 lege,
811 1866 844 1894 ut
871 1864 897 1893 si
925 1872 998 1894 cum
1042 1869 1139 1903 pacto
1178 1864 1345 1894 ulterioris
1387 1863 1596 1895 liberationis
1629 1866 1820 1895 contractus
1846 1865 1913 1903 fiat,
1938 1865 2024 1896 obli-

203 1926 298 1964 getur
323 1933 457 1964 semper
483 1925 539 1965 qui
568 1925 698 1956 liberari
727 1925 880 1962 voluerit,
906 1925 1046 1956 fundum
1086 1926 1199 1964 alium,
1227 1928 1259 1957 ut
1286 1926 1447 1963 diximus,
1486 1927 1628 1957 similem
1656 1927 1706 1958 vel
1735 1927 1904 1958 meliorem
1931 1930 1962 1958 et
1990 1929 2021 1959 in

200 1986 389 2018 evidentem
431 1987 573 2018 ecclesie
615 1988 789 2018 utilitatem
815 1990 846 2018 et
872 1988 1064 2019 nullatenus
1105 1989 1267 2028 pecunias
1300 1989 1482 2019 conventui
1508 1990 1720 2029 consignare.
1749 1989 1790 2021 Ut
1818 1998 1897 2020 vero
1925 1990 2022 2020 liuiu-

202 2049 312 2079 smodi
340 2049 616 2089 permutationes,
657 2049 811 2081 faciende
838 2059 897 2090 pro
923 2051 1083 2090 tempore,
1125 2059 1261 2081 cessure
1300 2051 1366 2081 sint
1394 2051 1423 2081 in
1451 2051 1640 2082 evidentem
1667 2051 1809 2082 ecclesie
1837 2052 2021 2088 utilitatem,

203 2110 372 2148 volumus,
399 2113 578 2151 antequam
604 2112 695 2149 fiant,
722 2114 756 2142 ut
782 2111 848 2142 duo
876 2112 1004 2144 iudices
1030 2112 1262 2149 ecclesiastici,
1288 2113 1345 2152 qui
1373 2122 1481 2144 rerum
1509 2113 1702 2144 huiusmodi
1746 2114 1890 2145 habeant
1917 2123 2022 2154 expe-

203 2173 366 2209 rientiam‚
392 2182 410 2204 a
436 2174 535 2204 vobis
562 2173 775 2213 deputentur,
816 2182 958 2213 quorum
1001 2174 1125 2205 iudicio
1151 2176 1181 2205 et
1207 2175 1413 2206 conscientie
1453 2177 1568 2212 stetur,
1595 2184 1636 2206 an
1668 2176 1862 2215 supradicte
1903 2185 2021 2207 omnes

202 2235 414 2266 conditiones
441 2236 471 2266 in
497 2237 670 2266 contractu
697 2235 828 2266 realiter
852 2238 882 2266 et
909 2245 985 2267 vere
1011 2237 1245 2267 contineantur
1270 2239 1300 2268 et
1325 2237 1557 2269 observentur.
1574 2237 1638 2269 Ubi
1658 2246 1738 2269 vero
1757 2238 1927 2278 pontificia
1955 2239 2023 2270 dis—

203 2298 402 2338 pensatione
428 2297 525 2328 fuerit
550 2306 649 2338 opus,
676 2297 816 2328 liberum
842 2297 988 2329 facimus
1013 2299 1209 2330 conductori
1235 2308 1308 2330 eam
1335 2308 1409 2330 cum
1438 2300 1579 2339 primum
1619 2300 1740 2340 poterit
1772 2300 1959 2340 impetrare.
1987 2300 2019 2332 ln

203 2368 346 2400 quorum
373 2360 521 2390 omnium
549 2359 647 2390 tidem
675 2361 850 2399 presentes
891 2369 989 2391 manu
1032 2361 1167 2401 propria
1202 2361 1418 2405 subscriptas
1459 2361 1571 2401 sigillo
1598 2362 1701 2393 nostri
1728 2361 1828 2393 officii
1855 2365 2019 2393 consueto

202 2422 399 2453 communiri
442 2422 689 2453 mandavimus.
716 2421 791 2453 Dat.
818 2421 933 2462 Papie,
960 2422 1013 2453 die
1039 2422 1112 2453 XXI
1140 2422 1296 2464 Augusti⁷
1335 2423 1472 2455 MDXL.
1511 2423 1623 2455 Frater
1661 2424 1886 2464 Hyeronimus
1913 2423 2023 2456 Gene-

203 2484 282 2515 ralis
309 2484 469 2525 indignus
486 2481 548 2523 (2).

1141 2582 1235 2601 servato
1251 2581 1374 2602 nell'Arcli.
1391 2581 1427 2602 del
1442 2581 1527 2602 Museo
1543 2580 1614 2602 Civici
1631 2581 1652 2601 di
1670 2580 1739 2601 Pavia
1759 2581 1867 2606 =()fferte,
1885 2580 1959 2601 Pacco
1970 2580 2017 2601 408)

260 2598 290 2620 il)
305 2596 393 2621 Queste
409 2597 533 2617 douazioni
549 2602 607 2617 sono
624 2596 680 2617 fatte
696 2597 717 2616 iu
734 2597 842 2622 omaggio
866 2597 910 2617 alle
932 2596 1085 2622 disposizioni

206 2642 243 2662 del
258 2641 367 2667 Capitolo
383 2641 504 2667 Generaie,
520 2641 659 2662 celebratosi
677 2641 711 2662 nel
729 2641 819 2667 niaggio
836 2641 871 2661 del
890 2641 940 2662 1539
955 2641 975 2661 in
992 2641 1084 2667 Napoli,

207 2687 266 2707 dove
282 2686 304 2707 fu
334 2686 406 2707 eletto
422 2685 501 2706 Priore
517 2685 629 2707 Generaie
653 2685 711 2706 irate
734 2685 858 2706 Gerolamo
874 2684 1013 2710 Serinandn,
1029 2686 1086 2706 Vedi

207 2731 221 2751 il
236 2730 377 2752 documento
393 2730 429 2751 del
444 2730 470 2751 22
484 2730 601 2751 diccnibre
623 2730 679 2751 1539.

260 2776 290 2801 12)
306 2775 433 2797 Rileviarno
449 2776 469 2796 la
486 2775 594 2796 notevole
619 2775 766 2796 circostanza
783 2775 843 2796 della
861 2780 973 2800 prescnzn
990 2774 1026 2795 del
1043 2774 1085 2795 Ge-

207 2821 284 2842 nerale
299 2820 429 2847 Seripando
446 2821 466 2841 iu
485 2820 563 2841 Pavia.

261 2865 370 2887 Notiamo
386 2866 427 2886 elie
443 2866 464 2886 in
481 2871 510 2886 un
526 2865 598 2891 toglio
622 2865 717 2886 volante
743 2865 764 2885 di
791 2865 938 2890 quest'anno
963 2864 1020 2889 1540,
1036 2869 1088 2884 con-

1140 2626 1158 2646 si
1175 2627 1202 2646 lia
1219 2626 1264 2646 «la
1281 2626 1333 2646 lista
1359 2626 1417 2646 delle
1442 2626 1523 2646 offerte
1548 2626 1588 2646 elie
1611 2625 1632 2646 fa
1658 2626 1678 2646 la
1702 2625 1824 2651 magnifica
1847 2624 1970 2646 commum
1987 2625 2016 2645 de

1144 2671 1214 2696 Papia
1231 2671 1283 2696 ogni
1299 2676 1359 2691 anno
1377 2678 1395 2696 u,
1411 2676 1422 2691 e
1439 2671 1483 2691 due
1506 2670 1539 2691 tra
1562 2676 1614 2691 esse
1631 2670 1771 2695 riguardano
1794 2670 1799 2690 i
1824 2669 1938 2691 Conventi
1955 2669 1976 2689 di
1993 2669 2015 2690 S,

1138 2716 1252 2741 Agostino
1268 2721 1280 2736 e
1295 2716 1316 2736 di
1333 2715 1355 2736 S.
1373 2715 1461 2737 Panlo:
1477 2723 1487 2732 «
1504 2715 1553 2736 Una
1569 2715 1653 2736 offerta
1669 2721 1710 2740 per
1726 2715 1739 2735 il
1755 2714 1776 2735 di
1793 2715 1820 2735 dc
1836 2716 1918 2735 sancto
1939 2714 2016 2737 Augu-

1139 2761 1201 2781 stino
1217 2761 1245 2781 de
1261 2762 1326 2781 torzc
1344 2761 1366 2781 18
1382 2766 1422 2785 per
1437 2760 1544 2781 cnaduna
1569 2760 1626 2780 libra
1651 2765 1721 2780 unam
1743 2759 1791 2780 Una
1808 2759 1890 2779 offerta
1907 2764 1947 2784 per
1964 2758 1976 2777 il
1994 2758 2015 2777 di

1140 2805 1168 2826 de
1183 2807 1266 2827 sancto
1282 2805 1363 2826 Paullo
1378 2805 1406 2826 de
1422 2810 1466 2826 una
1485 2806 1550 2825 torza
1566 2804 1594 2825 de
1611 2804 1667 2825 libre
1683 2804 1743 2825 dove
1760 2813 1777 2824 u.
