2305 3407
1935 169 1989 200 181

910 345 1197 387 DCCCLXI
1203 348 1263 387 V.

266 449 292 477 11
319 449 478 486 Capitolo
504 450 537 478 di
562 451 594 482 S,
622 452 794 487 Agostino
812 453 927 482 rieeve
946 464 989 482 un
1007 460 1218 491 pagamento
1236 465 1296 493 per
1314 457 1402 485 frate
1422 457 1511 485 Gian
1531 458 1684 486 Antonio
1702 459 1746 487 da
1765 459 1994 496 Castiglione.

806 558 943 582 13:37
955 574 968 586 ,
1001 566 1113 590 ³:⁰¹¹
1123 567 1199 584 1¹11
1210 560 1258 584 lo
1272 575 1284 589 ,
1317 561 1369 585 0.

732 645 809 667 (Areli.
828 646 907 665 Νυὶιι(
925 647 946 666 111
965 647 1041 667 1).’11’1’114
1060 658 1082 660 -
1101 648 1147 668 Atti
1165 648 1185 668 di
1203 648 1326 669 Gcrolsiinn
1343 649 1442 673 Oualla).

420 795 421 821 l

248 825 361 938 Α
448 850 720 888 sanl'AQ'osti'mn
748 853 778 882 in
806 853 952 892 (1113113111
980 862 1109 883 camera
1138 853 1318 884 interiori..
1347 855 1378 885 in
1405 864 1471 894 (1113
1498 856 1701 887 residebat...
1742 857 1902 889 dominus
1930 867 1998 889 ma-

448 914 552 953 gister
578 914 677 945 frater
704 913 879 945 Deodatus
906 915 946 945 de
974 915 1132 946 Fivizano
1160 916 1345 955 precedens
1372 916 1498 948 Prior...
1525 920 1711 949 convocato
1738 917 1930 959 Capitulo...
1957 921 1997 951 de

449 977 641 1007 mandato...
669 977 794 1007 domini
823 977 932 1008 fratris
960 977 1130 1008 Fortunati
1168 978 1209 1009 de
1246 977 1378 1010 Cerano
1417 977 1543 1010 Prioris
1568 982 1599 1010 et
1626 980 1843 1012 baclialarii...
1872 982 1902 1013 in
1929 992 1997 1022 (1110

174 1038 311 1077 quidem
340 1036 500 1078 Capitulo
528 1038 692 1070 luerunt...
719 1049 793 1070 cum
821 1050 894 1071 eo...
934 1041 1093 1080 magister
1130 1038 1266 1071 Gabriel
1294 1040 1334 1071 de
1362 1039 1478 1080 Papia,
1517 1042 1677 1082 magister
1713 1042 1834 1074 Petrus
1866 1044 1906 1075 de
1932 1043 1998 1076 Ca—

174 1100 283 1134 ncllis,
310 1100 411 1131 trater
437 1100 645 1141 Serapliinus
671 1102 712 1133 de
738 1104 854 1133 sancto
882 1102 1011 1143 Angelo
1029 1103 1180 1138 sacrista,
1206 1102 1307 1134 trater
1334 1102 1376 1133 lo.
1403 1102 1615 1143 Augustinus
1633 1105 1674 1136 de
1693 1104 1844 1137 Arimino
1869 1115 1995 1145 cursor,

174 1162 275 1194 frater
302 1163 345 1194 10.
374 1162 543 1194 Antonius
569 1164 610 1195 de
637 1162 801 1204 Oropello
828 1166 1034 1204 procurator,
1062 1164 1162 1196 frater
1187 1165 1334 1196 Micliael
1361 1165 1402 1195 de
1429 1164 1557 1204 Padua,
1598 1166 1698 1198 frater
1736 1167 1928 1199 Ludovicus
1955 1169 1995 1200 de

174 1225 336 1256 Vercellis
353 1224 404 1265 (l)
430 1228 460 1257 et
485 1225 586 1257 trater
613 1226 811 1258 Laurentius
838 1227 878 1258 de
905 1226 1043 1267 Papia...
1071 1227 1126 1267 qui
1153 1226 1312 1258 faciunt...
1339 1227 1405 1258 tere
1424 1229 1528 1258 totum
1547 1229 1578 1259 et
1597 1229 1761 1269 integrum
1788 1228 1994 1270 Capitulum,

173 1287 368 1319 diclziarmzo
393 1289 428 1320 di
451 1289 590 1320 ricevere
615 1298 635 1320 a
660 1298 756 1320 nome
781 1289 835 1321 del
859 1289 1066 1321 venerabilis
1104 1289 1230 1320 domini
1268 1289 1380 1320 fratris
1407 1289 1450 1320 lo.
1477 1289 1613 1321 Antonii
1641 1291 1681 1322 de
1708 1289 1907 1323 Casteliono
1932 1291 1995 1324 Or-

174 1350 264 1381 dinis
292 1350 546 1387 Herennianum,
574 1351 609 1383 dr
632 1352 686 1383 cui
709 1351 732 1383 il
756 1351 869 1383 Priore
894 1351 910 1383 ἐ
931 1354 1152 1392 procuratore,
1191 1351 1248 1382 lire
1282 1352 1350 1383 200
1384 1352 1555 1392 Imperioli,
1581 1361 1673 1384 come
1693 1356 1788 1394 parte
1813 1354 1867 1386 del
1886 1363 1995 1395 paga-

172 1414 279 1443 mento
305 1412 340 1443 cii
363 1412 419 1443 [ιη’
443 1413 511 1444 300
527 1410 585 1451 (2),
612 1412 653 1444 (16
681 1413 806 1453 quibus
832 1413 990 1444 dominus
1016 1413 1176 1444 Isnardus
1202 1413 1396 1445 Belloculus
1422 1414 1511 1445 filius
1526 1415 1698 1454 quondam
1718 1416 1916 1456 spectabilis
1935 1417 1996 1448 do-

172 1475 250 1505 mini
277 1474 320 1506 10.
348 1473 445 1513 Petri,
472 1475 556 1506 civis
593 1477 624 1506 et
662 1475 830 1506 habitator
866 1474 1004 1515 Papie...
1046 1484 1081 1507 se
1121 1475 1307 1506 debitorem
1349 1477 1523 1508 constituit
1560 1477 1677 1517 prefati
1716 1478 1841 1509 domini
1883 1479 1994 1511 fratris

173 1536 332 1568 Iohannis
358 1536 493 1568 Antonii
520 1537 562 1568 de
588 1536 786 1569 Casteliono
812 1539 890 1569 tunc
917 1537 1113 1578 stipulantis
1139 1538 1274 1568 nomine
1307 1539 1444 1578 proprio
1470 1540 1500 1570 et
1527 1539 1692 1570 licentiam
1720 1540 1875 1572 habentis
1900 1550 1918 1572 3
1945 1551 1994 1573 re-

174 1599 323 1630 verendo
350 1600 381 1630 in
408 1597 543 1631 Christo
569 1601 662 1639 patre
689 1600 827 1631 domino
863 1599 964 1631 fratre
992 1599 1169 1631 Francisco
1195 1598 1444 1632 Gambasiense
1483 1601 1640 1641 professo
1677 1602 1755 1633 dicti
1794 1602 1933 1635 OrdiniS
1963 1607 1993 1635 et

173 1662 282 1702 ipsius
308 1661 447 1693 Ordinis
474 1663 505 1692 in
532 1662 706 1702 provincia
734 1661 935 1693 Lombardie
960 1662 1093 1693 Vicario
1119 1660 1310 1693 Generali...
1338 1664 1435 1702 prout
1462 1662 1546 1694 intra
1573 1664 1736 1703 sequitur,
1763 1665 1940 1696 videlicet:

261 1724 374 1755 Frater
401 1723 601 1755 Franciscus
627 1723 888 1756 Oambasiensis
916 1724 946 1755 in
974 1724 1149 1764 provincia
1192 1724 1392 1755 Lombardie
1433 1723 1572 1756 Ordinis
1614 1725 1857 1757 Heremitarum
1885 1729 1990 1760 sancti

171 1786 351 1827 Augustini
378 1786 534 1818 Vicarius
559 1785 738 1818 Generalis
765 1786 935 1827 indignus,
962 1786 1146 1817 venerabili
1173 1788 1204 1817 et
1230 1787 1330 1817 nobis
1357 1787 1387 1817 in
1414 1785 1552 1819 Christo
1578 1787 1700 1819 dilecto
1737 1788 1826 1820 fratri
1855 1789 1898 1821 10.
1925 1789 1991 1821 An-

170 1850 264 1880 tonio
290 1849 330 1880 de
356 1847 555 1881 Casteliono
581 1849 733 1880 eiusdem
760 1847 901 1880 Ordinis
927 1848 1096 1889 professo,
1123 1849 1266 1880 salutem
1294 1849 1324 1880 in
1350 1848 1497 1880 Domino
1524 1852 1733 1890 perpetuam.

258 1911 328 1942 Etsi
354 1911 446 1951 apud
473 1911 713 1942 monasterium
754 1911 854 1942 divae
895 1910 1080 1951 Assumpte
1121 1911 1270 1951 Virginis
1302 1911 1344 1942 de
1381 1911 1570 1952 Viglevano
1611 1922 1736 1944 moram
1775 1913 1885 1951 fatias,
1924 1924 1987 1946 non

169 1978 347 2015 propterea
384 1982 563 2005 censemus
589 1982 607 2004 3
634 1976 747 2005 nostra
786 1973 958 2014 Religione
995 1975 1025 2004 te
1063 1973 1250 2004 seiunctum
1290 1982 1398 2013 neque
1434 1976 1641 2014 exemptum,
1680 1976 1760 2015 quin
1799 1977 1912 2015 potius
1949 1986 1989 2008 eo

168 2037 287 2068 melius
314 2037 344 2067 in
373 2035 546 2077 Religione
584 2036 658 2076 ipsa
695 2036 898 2067 extimamus
924 2038 954 2067 te
981 2036 1112 2076 degere,
1154 2044 1221 2075 quo
1259 2035 1466 2067 laudabilius
1502 2038 1549 2067 tot
1585 2037 1683 2067 annis
1721 2037 1796 2075 illic,
1824 2047 1888 2068 non
1916 2039 1987 2069 sine

168 2098 308 2131 Ordinis
334 2101 365 2130 et
391 2098 528 2129 habitus
554 2098 658 2129 nostri
685 2099 883 2129 ornamento
910 2098 1012 2129 vitam
1054 2097 1182 2128 duxisti
1220 2106 1295 2128 cum
1333 2099 1439 2138 gratia
1476 2100 1506 2129 et
1545 2098 1675 2129 licentia
1714 2101 1845 2130 tuorum
1884 2109 1986 2140 supe-

169 2162 303 2192 riorum.
341 2160 506 2198 Quocirca
545 2160 624 2191 moti
662 2168 724 2191 nos
763 2160 867 2191 odore
904 2161 958 2191 tue
985 2159 1072 2190 bone
1098 2159 1196 2196 131116,
1224 2161 1258 2190 111
1284 2160 1315 2190 111
1342 2159 1431 2190 dicto
1469 2161 1674 2191 monasterio
1712 2170 1910 2201 perseveres
1948 2163 1985 2193 li-

167 2224 310 2255 centiam
338 2223 396 2253 tibi
423 2222 671 2257 confirmamus,
699 2230 736 2252 ac
762 2221 789 2253 si
816 2230 906 2261 opus
931 2223 982 2252 est
1008 2221 1120 2252 denuo
1145 2222 1374 2252 concedimus.
1403 2221 1562 2253 Volentes
1589 2225 1622 2253 111
1648 2224 1800 2263 gaudeas
1826 2225 1983 2255 omnibus

166 2286 293 2327 gratiis,
321 2284 601 2321 immunitatibus,
628 2284 758 2314 iuribus
783 2285 814 2314 et
840 2283 1036 2323 privilegiis,
1063 2284 1189 2323 quibus
1215 2285 1329 2315 nostra
1362 2283 1491 2325 Religio
1507 2285 1655 2325 gaudere
1674 2286 1773 2316 solita
1792 2288 1851 2317 est.
1871 2285 1982 2323 Quum

166 2349 315 2388 preterea
343 2347 537 2377 noverimus
564 2346 652 2377 bona
694 2345 840 2386 quedam
879 2345 1016 2376 mobilia
1054 2345 1308 2386 immobiliaque
1335 2348 1365 2377 te
1390 2347 1610 2386 aquisivisse,
1637 2348 1757 2387 partim
1784 2349 1983 2387 elimosinis,

164 2411 283 2451 partim
310 2418 352 2440 ex
378 2411 434 2440 tua
460 2408 636 2446 industria,
662 2417 734 2439 63111
761 2408 804 2439 ob
832 2416 897 2438 rem
924 2408 965 2439 de
992 2407 1057 2439 illis
1082 2407 1125 2439 ad
1152 2409 1243 2438 11111111
1286 2408 1532 2448 beneplacitum
1570 2410 1601 2440 et
1639 2412 1736 2449 prout
1778 2411 1896 2441 melius
1923 2411 1980 2442 tibi

164 2473 343 2510 videbitur,
370 2471 573 2511 disponendi
600 2470 724 2510 illaque
749 2469 988 2507 commutandi,
1015 2470 1196 2507 alienandi,
1233 2469 1298 2501 alia
1335 2471 1431 2501 etiam
1459 2471 1570 2502 denuo
1603 2472 1810 2512 acquirendi,
1836 2474 1981 2511 emendi,

164 2535 206 2566 ad
231 2537 323 2566 tuum
351 2543 448 2565 usum
475 2533 687 2574 possidendi,
724 2534 755 2563 et
791 2532 857 2563 alia
894 2532 1006 2563 omnia
1044 2531 1225 2572 peragendi
1264 2540 1328 2572 (1116
1354 2534 1408 2563 1116
1434 2533 1640 2564 conscientie
1666 2534 1753 2565 iusta
1779 2537 1809 2566 et
1836 2535 1976 2566 honesta

164 2597 369 2628 videbuntur
392 2594 577 2635 (licentiam
603 2597 634 2627 et
659 2594 853 2626 facultatem
880 2594 1101 2626 concedimus
1127 2595 1158 2624 et
1184 2591 1417 2634 impartimur),
1444 2594 1552 2626 Nobis
1579 2595 1707 2627 interim
1736 2597 1979 2636 persuadentes

163 2659 255 2699 quod
281 2659 443 2699 quicquid
470 2657 670 2696 decreveris,
709 2665 883 2688 cessurum
925 2657 1063 2687 omnino
1089 2656 1132 2687 sit
1158 2656 1189 2686 in
1216 2656 1405 2687 evidentem
1447 2656 1631 2698 Religionis
1666 2658 1850 2690 utilitatem.
1877 2658 1977 2696 Quod

163 2722 189 2752 si
216 2720 300 2752 forte
326 2721 499 2752 debitores
525 2719 660 2760 aliquos
687 2719 824 2757 babeas,
852 2719 908 2758 qui
935 2718 994 2749 tibi
1021 2717 1217 2749 satisfacere
1255 2718 1347 2758 quod
1381 2719 1515 2757 debent,
1554 2720 1604 2751 vel
1644 2721 1761 2755 nolint.
1799 2721 1851 2752 vel
1878 2722 1978 2753 nimis

161 2782 315 2814 differant
340 2783 371 2814 et
398 2781 511 2813 verbis
537 2781 696 2813 inanibus
722 2783 752 2812 te
778 2781 930 2821 pascant,
956 2780 1114 2811 volumus
1141 2781 1174 2811 ut
1200 2780 1283 2811 tales
1310 2780 1341 2811 in
1369 2781 1419 2812 1115
1446 2790 1567 2813 vocare
1593 2783 1718 2823 possis,
1755 2784 1819 2815 sub
1853 2784 1976 2824 quovis

216 2958 246 2981 (1)
262 2957 305 2978 Era
320 2957 380 2978 della
395 2956 471 2978 nobile
486 2955 587 2982 ramigna
603 2955 701 2977 Arborio
716 2954 797 2979 (frater
814 2954 946 2976 Ludovicus
961 2954 989 2975 de
1002 2954 1038 2975 Er·
1146 2955 1168 2978 12
1197 2955 1225 2975 Le
1241 2955 1361 2976 rimancnti
1380 2956 1416 2977 100
1431 2956 1471 2977 lire
1486 2956 1569 2978 turono
1585 2959 1669 2983 pagate
1684 2958 1721 2979 (131
1737 2958 1842 2979 debitore
1858 2958 1878 2979 31
1891 2957 1969 2979 Priore

163 3002 239 3027 borlo)
253 3007 318 3023 come
333 3001 414 3022 risulta
429 3001 458 3022 da
474 3006 503 3022 un
518 3001 569 3022 atto
584 3000 606 3021 di
623 3001 763 3026 pagamento
778 2999 814 3020 del
830 2999 843 3020 2
856 2999 955 3025 genunio
979 2999 1037 3024 1537,
1092 2999 1150 3021 frate
1166 2999 1293 3021 Fortunato
1301 2999 1330 3021 da
1339 2999 1429 3022 Cerano
1437 3006 1480 3022 con
1488 3002 1539 3023 3110
1548 3001 1584 3023 del
1593 3002 1672 3023 notaio
1681 3002 1762 3024 Oualla
1770 3002 1811 3023 317
1821 3007 1899 3023 marzo
1910 3002 1966 3023 1539.

163 3047 245 3072 rogato
261 3045 290 3067 da
305 3045 385 3066 Nicola
400 3044 500 3066 Aicardi.
