2305 3407
279 181 321 212 28

996 389 1379 430 DCLXXXIV.

368 500 395 527 11
422 500 584 536 Capitolo
610 500 644 528 di
672 500 707 529 S.
736 500 847 528 Paolo
873 499 1015 527 nomina
1041 508 1085 527 un
1112 499 1359 527 Procuratore.

882 613 1020 637 150ss
1031 628 1044 643 ‚

1076 612 1342 637 f01›l)¹·ztio
1354 627 1368 643 9
1401 612 1490 638 26.

800 700 875 721 (Arcu.
894 700 965 721 Notar
991 700 1011 720 di
1030 699 1098 720 Paria
1124 711 1149 713 —
1166 700 1212 720 Atti
1229 700 1250 720 di
1267 700 1324 721 Gran
1341 700 1436 721 Albertn
1453 700 1579 722 Mora-sco).

360 887 429 1001 I
530 904 552 928 Ν
579 898 784 928 monasterio
810 898 917 929 sancti
945 897 1058 933 Pauli,
1097 898 1162 928 sito
1199 900 1293 929 extra
1320 901 1349 929 et
1377 907 1480 938 prope
1519 901 1646 938 portani
1674 898 1706 930 S.
1734 898 1840 930 Marie
1879 899 1909 929 in
1948 897 2100 930 Perticlia

552 970 656 1001 prope
684 961 909 992 Vernabulam
938 959 1050 1001 Papie,
1079 965 1109 992 et
1137 962 1167 992 in
1195 962 1270 992 loco
1297 960 1445 1001 Capituli
1473 962 1582 1002 ipsius
1609 963 1836 993 monasterii...
1869 960 2102 994 convocato...

551 1022 743 1064 Capitulo...
769 1024 810 1054 de
837 1024 995 1055 mandato
1022 1025 1195 1055 reverendi
1223 1013 1327 1064 patris
1353 1024 1479 1055 domini
1507 1024 1619 1055 fratris
1646 1024 1812 1056 Francisci
1840 1025 1880 1056 de
1908 1024 2022 1065 Papia,
2041 1024 2101 1056 Dei

284 1087 389 1127 gratia
417 1086 535 1126 prefati
564 1089 785 1117 coiufentus...
807 1085 965 1118 Prioris...
987 1088 1017 1117 in
1037 1096 1104 1127 quo
1131 1087 1267 1127 quidem
1294 1085 1454 1127 Capitulo
1472 1087 1637 1118 fuerunt...
1658 1087 1808 1127 prefatus
1827 1088 1985 1119 dominus
2005 1087 2105 1118 Fran-

284 1150 396 1180 ciscus
424 1148 517 1179 l’rior
543 1149 736 1180 antedictus
762 1151 792 1180 et
819 1158 893 1180 cuin
923 1150 1032 1189 ipso...
1060 1149 1272 1180 venerabiles
1306 1149 1432 1180 domini
1460 1149 1561 1180 frater
1587 1148 1714 1181 Paulus
1739 1150 1780 1180 de
1808 1148 1913 1189 Papia
1940 1150 2104 1186 vicarius,

286 1211 385 1242 frater
412 1210 577 1242 lohannes
605 1210 724 1242 Petrus
751 1211 791 1242 de
818 1210 934 1251 Papia,
961 1211 1062 1242 frater
1089 1211 1286 1252 Hyeremias
1312 1212 1352 1242 de
1379 1210 1495 1251 Papia,
1534 1211 1633 1242 frater
1671 1211 1863 1242 Alexander
1899 1212 1940 1243 de
1978 1211 2104 1252 Papia,

285 1273 384 1305 frater
411 1274 552 1305 Maurus
578 1274 619 1305 de
645 1272 840 1309 CornientO,
869 1273 969 1305 t'ratei·
996 1273 1211 1305 Hieronimus
1238 1274 1278 1305 de
1306 1272 1425 1314 Papia,
1463 1273 1563 1305 frater
1601 1273 1741 1314 lpolitus
1767 1274 1807 1305 de
1835 1274 1970 1312 Brixia,
2007 1274 2107 1305 frater

288 1336 503 1367 Innocentius
530 1336 570 1367 de
598 1335 774 1376 Pergamo,
800 1335 901 1367 frater
928 1335 1093 1367 lohannes
1120 1335 1271 1377 Angelus
1297 1337 1338 1367 de
1364 1334 1494 1374 Crema,
1521 1336 1621 1367 frater
1646 1336 1812 1367 lohannes
1832 1336 2047 1377 Evangelista
2066 1336 2107 1367 de

288 1398 459 1435 Faventia,
486 1398 586 1429 trater
613 1398 780 1429 lohannes
806 1398 960 1439 Baptista
986 1399 1027 1429 de
1053 1397 1255 1436 Cilnflentia,
1282 1398 1383 1430 frater
1408 1397 1577 1430 Pacificus
1603 1399 1643 1429 de
1670 1396 1870 1434 Garlasclio,
1896 1398 1997 1430 frater
2037 1397 2110 1430 Ste-

287 1461 421 1501 phanus
446 1461 487 1492 de
514 1460 720 1502 Aquanigra‚
746 1461 845 1492 frater
872 1461 1071 1493 Valentinus
1097 1462 1138 1493 de
1165 1460 1294 1502 Papia,
1332 1461 1433 1493 frater
1471 1460 1589 1492 Petrus
1627 1460 1754 1492 Paulus
1779 1461 1820 1492 de
1846 1460 1974 1501 Papia,
2010 1460 2110 1492 frater

287 1522 393 1564 Syrus
420 1523 461 1555 de
487 1523 648 1561 Novaria,
674 1523 776 1555 frater
803 1523 997 1555 Ludovicus
1023 1524 1064 1555 de
1092 1523 1203 1555 Axula
1229 1525 1261 1555 et
1287 1523 1387 1555 frater
1423 1523 1588 1555 Paulinus
1625 1523 1666 1555 de
1703 1522 1932 1564 Aquanigra...
1970 1524 2026 1563 qui
2064 1522 2112 1555 fa-

288 1587 411 1617 ciunt...
438 1586 505 1618 fere
532 1588 637 1617 totum
665 1588 696 1617 et
723 1587 887 1627 integrum
915 1584 1110 1627 Capitulum
1139 1587 1248 1627 ipsius
1274 1587 1481 1624 monasterii,
1507 1586 1669 1626 eleggorzo
1694 1586 1762 1617 loro
1776 1587 1988 1626 procuratore
2012 1585 2039 1617 il
2062 1594 2113 1617 re-

289 1649 472 1680 verendum
500 1649 672 1680 dominum
700 1647 866 1681 Cexarem
893 1658 935 1680 ex
962 1647 1155 1681 Comitibus
1181 1649 1307 1680 Medde
1346 1649 1555 1689 prepositum
1593 1648 1736 1680 ecclesie
1773 1649 1879 1679 sancti
1918 1647 2109 1679 Michaellis

289 1711 377 1743 dicte
403 1714 487 1743 terre
515 1711 627 1749 Mede,
654 1712 834 1743 comitatus
860 1711 977 1752 papie,
1003 1720 1063 1743 con
1089 1711 1247 1743 mandato
1270 1711 1425 1751 generale
1443 1708 1502 1750 (l).

1016 1912 1374 1953 DCLXXXV.

378 2022 405 2050 11
432 2022 596 2058 Capitolo
622 2022 657 2050 di
684 2022 719 2050 S.
747 2022 921 2057 Agostino
947 2022 991 2050 da
1018 2021 1229 2050 investitura
1255 2021 1289 2049 di
1315 2025 1408 2049 terre
1433 2021 1489 2049 nel
1515 2021 1744 2052 Siccomario,

908 2118 1062 2149 1306,
1094 2117 1376 2147 selua-aio,
1409 2117 1499 2142 26.

804 2207 881 2227 ‘Arclr
898 2206 977 2227 Notat.
995 2206 1017 2226 di
1035 2206 1112 2226 Pavia.
1145 2217 1153 2219 e
1169 2205 1216 2226 Atti
1234 2205 1255 2226 di
1272 2205 1329 2226 Gian
1345 2205 1456 2226 Giacoiuo
1473 2204 1602 2229 Canevari).

400 2392 447 2508 Ι
538 2410 560 2436 Ν
587 2404 747 2446 Capitulo
773 2414 833 2436 seu
860 2404 1039 2437 Conventu
1066 2405 1172 2436 sancti
1201 2404 1380 2445 Augustini
1409 2403 1547 2444 Papie...
1574 2405 1638 2435 sito
1665 2405 1695 2435 in
1723 2404 1829 2444 primo
1855 2403 2001 2435 claustro
2031 2403 2109 2434 dicti

560 2466 771 2500 Conventus.
798 2467 1010 2499 Venerabilis
1037 2467 1196 2499 dominus
1224 2467 1324 2498 frater
1349 2465 1572 2499 Constantius
1597 2467 1638 2497 de
1667 2466 1872 2498 Alexandria
1899 2465 2057 2506 subprior
2081 2467 2112 2496 et

427 2566 526 2568 ἶ-
561 2530 793 2562 locumtenens
820 2530 992 2562 reverendi
1020 2530 1146 2561 domini
1181 2530 1330 2571 magistri
1370 2528 1536 2561 Francisci
1575 2529 1615 2560 de
1652 2527 1838 2561 Castelatio
1875 2528 1996 2569 prioris
2032 2527 2110 2559 dicti

295 2590 495 2623 Conventus
521 2593 629 2624 sancti
657 2592 861 2633 Augustini;
888 2592 1062 2624 reverendi
1090 2592 1216 2623 domini
1245 2592 1404 2632 magister
1429 2591 1662 2623 Bertolameus
1687 2591 1728 2622 de
1754 2590 1935 2622 Valmaclia
1976 2590 2113 2630 provin-

368 2758 384 2780 l)
401 2757 430 2777 La
446 2758 547 2778 elczione
564 2758 584 2778 di
602 2760 686 2783 questo
702 2757 855 2779 l‘rocuratorc
871 2758 889 2779 si
906 2758 1006 2779 rilcrisce
1022 2758 1083 2779 forse
1098 2763 1111 2778 a
1123 2764 1177 2784 quc-

298 2801 367 2821 stioni
383 2803 446 2821 sorte
463 2807 503 2826 per
519 2802 538 2821 le
554 2804 622 2826 terre,
639 2803 679 2822 clie
696 2802 708 2822 il
725 2802 846 2823 Conventa
863 2802 993 2828 possode-va
1017 2803 1074 2823 nella
1092 2802 1179 2823 Loincl-

299 2845 353 2866 lina.
369 2844 513 2866 Ricordianio
529 2852 540 2865 a
558 2848 642 2871 questo
659 2846 780 2871 proposito
796 2846 863 2867 l'atto
875 2846 935 2866 dello
946 2848 1024 2867 stesso
1035 2847 1122 2871 notaio,
1133 2852 1176 2867 con

299 2889 334 2910 cni
350 2890 370 2910 ai
386 2890 412 2910 29
427 2890 524 2915 germaio
540 2889 598 2910 irate
615 2890 732 2911 sscrnardo
748 2890 776 2910 da
794 2890 872 2915 Pavia,
889 2892 1040 2916 procuratore
1062 2891 1097 2911 del
1118 2890 1176 2912 Cou-

299 2936 378 2959 vento,
394 2935 469 2955 ricevc
485 2935 513 2955 da
529 2934 635 2955 Secondo
652 2935 687 2955 dei
704 2935 765 2955 conti
782 2935 803 2955 di
820 2935 889 2956 Mede
905 2936 945 2956 lirc
960 2935 984 2956 97
1000 2941 1012 2956 e
1028 2935 1086 2956 soldi
1106 2936 1119 2956 5
1135 2940 1174 2960 per

299 2984 370 3000 censo
385 2979 406 2999 di
423 2979 467 3000 due
482 2979 534 2999 anni
551 2984 577 2999 su
594 2981 654 3000 terre
671 2979 691 2999 in
707 2978 837 3000 Castellaro
853 2979 874 2999 di
892 2979 1024 3000 Lomcllina.

354 3023 379 3044 Αἰ
395 3023 420 3044 30
435 3023 456 3043 di
474 3024 564 3049 niaggio
581 3023 593 3043 il
611 3023 688 3044 Priore
704 3022 762 3044 frate
779 3023 838 3044 Luca
855 3022 883 3044 da
899 3023 986 3044 Milano
1003 3023 1030 3044 ed
1042 3023 1046 3044 i
1058 3023 1110 3044 irati
1122 3022 1179 3044 Gian

301 3067 379 3089 pietro
395 3068 423 3088 da
439 3067 517 3093 Pavia,
534 3068 662 3089 Francesco
678 3067 761 3088 Astoui
777 3072 789 3088 e
805 3066 910 3088 (jeremia
927 3067 1030 3088 Landolfi
1046 3067 1123 3089 datino
1139 3067 1179 3088 lire

1232 2758 1271 2778 200
1286 2757 1397 2783 imperiali
1413 2757 1433 2777 al
1453 2756 1542 2777 medico
1557 2755 1658 2788 §alferio
1675 2755 1782 2781 Lisignoli
1799 2761 1838 2781 per
1854 2755 1934 2776 ultima
1954 2756 2003 2776 rata
2025 2754 2047 2775 di
2070 2760 2109 2781 pa-

1233 2804 1342 2827 gamcnto
1358 2801 1379 2822 di
1395 2801 1450 2822 certi
1467 2801 1518 2821 beni
1535 2806 1616 2826 presso
1632 2800 1652 2820 la
1668 2800 1798 2821 Vernavola
1813 2799 1842 2820 da
1857 2800 1887 2820 lui
1904 2799 1998 2820 vcnduti
2014 2799 2034 2820 al
2050 2799 2110 2821 Con-

1232 2848 1301 2866 vento
1317 2846 1338 2866 in
1354 2845 1431 2871 quest*
1440 2850 1508 2865 anno.
1527 2845 1602 2865 L'atto
1613 2844 1625 2864 ὲ
1637 2845 1718 2869 rogato
1729 2844 1758 2864 da
1775 2843 1887 2864 Damiano
1900 2843 2109 2865 Landolti.11cam-

1232 2891 1349 2911 biamento
1364 2890 1400 2910 del
1417 2889 1503 2914 Priore.
1519 2889 1560 2910 che
1576 2889 1611 2910 nel
1636 2889 1680 2909 tine
1703 2889 1724 2909 di
1740 2888 1845 2910 febbraio
1860 2894 1898 2909 era
1914 2888 1972 2909 irate
1982 2889 2109 2910 Francesco

1230 2934 1312 2956 Astomi
1328 2934 1357 2954 da
1374 2933 1452 2958 Pax-ia,
1472 2938 1575 2954 avvenne
1598 2935 1740 2954 certaniente
1762 2932 1861 2954 durante
1883 2933 1896 2953 il
1919 2932 2028 2959 Capitolo
2049 2933 2109 2954 della

1233 2978 1423 3003 Congregazionc
1440 2977 1569 2998 Lonibarda
1585 2977 1621 2998 det
1638 2983 1700 2998 mese
1715 2977 1737 2998 di
1753 2977 1854 3003 maggio,
1869 2977 1911 2998 che
1926 2977 1947 2998 in
1964 2977 2110 3003 quest'anno

1234 3022 1257 3043 fu
1273 3022 1392 3043 celebrato
1407 3022 1513 3047 appunto
1529 3021 1563 3042 nel
1593 3022 1674 3042 nostro
1689 3020 1809 3042 Convento
1825 3021 1846 3041 di
1857 3020 1880 3043 S.
1892 3020 1964 3042 Paoio
1983 3021 2109 3046 (TORELM,

1234 3067 1282 3092 Vll,
1297 3066 1336 3088 561
1352 3082 1357 3087 .
