2305 3407
981 376 1277 418 CMXLIX.

306 481 333 510 11
358 482 520 519 Capitolo
545 483 580 511 di
606 483 641 512 S.
669 483 839 512 Mostiola
864 484 907 513 da
932 484 1142 514 investitura
1167 487 1200 515 di
1225 490 1318 516 terre
1344 488 1378 516 in
1402 489 1609 519 Redavalle.

835 606 974 631 165ss
985 622 998 639 9
1032 609 1272 641 maggio
1283 624 1296 641 9
1326 609 1417 635 30.

785 693 863 717 (Arcti.
881 694 960 715 Notari
984 694 1005 716 di
1023 695 1094 716 Pavia
1109 707 1134 710 —
1150 696 1197 717 Atti
1214 696 1236 717 di
1252 697 1344 718 Ubaldo
1361 697 1461 722 Porzio).

232 832 233 848 l

231 875 233 934 f
282 876 401 991 N
461 893 503 920 EL
527 891 686 921 convenio
711 890 746 922 di
769 889 801 924 S.
827 891 996 931 Μοείῐοία,
1022 893 1169 925 adunato
1193 894 1217 926 il
1241 895 1394 936 capitolo,
1432 896 1473 928 de
1512 897 1671 929 mandato
1698 899 1872 930 reverendi
1906 899 2032 932 domini

231 944 233 960 '
482 951 593 984 fratris
626 951 774 984 Cornelii
811 954 853 985 de
894 953 1064 987 Placentia
1101 957 1224 996 prioris
1260 957 1340 989 dicti
1375 960 1588 997 monasterii,
1628 960 1660 991 ι’[ι
1700 961 1754 992 cul
1791 970 1890 993 erano
1930 962 2034 994 anche

230 972 233 1041 1
481 1014 582 1047 frater
607 1014 743 1048 Rochus
768 1016 809 1047 de
834 1015 1045 1055 Camestana,
1079 1018 1178 1050 frater
1214 1019 1407 1052 Lactantius
1443 1021 1484 1052 de
1522 1021 1695 1054 Placentia
1720 1025 1751 1054 et
1780 1022 1880 1055 frater
1917 1024 2034 1056 Hiero-

215 1076 325 1108 nimus
350 1085 391 1107 ex
419 1077 592 1109 nobilibus
617 1077 658 1109 de
683 1076 795 1117 Cano,
816 1079 875 1119 ρὶιὶ
899 1079 934 1111 di
956 1080 1019 1111 due
1043 1081 1124 1112 tetzi
1146 1081 1200 1112 del
1223 1082 1377 1122 capitolo,
1402 1083 1433 1114 si
1455 1083 1499 1115 (ἰὰ
1523 1085 1714 1116 investitura
1735 1094 1796 1125 per
1818 1088 1886 1117 otto
1911 1087 1991 1118 (mni
2013 1095 2033 1118 α

215 1136 302 1170 Gian
328 1138 511 1170 Francesco
536 1139 674 1178 Zanclu‘,
699 1140 734 1171 di
758 1140 951 1179 Redavalle,
977 1142 1012 1173 cii
1036 1142 1152 1174 alcime
1176 1145 1255 1175 terre
1272 1144 1304 1176 in
1326 1147 1440 1185 questo
1465 1145 1574 1186 luogo,
1597 1155 1659 1187 per
1680 1146 1701 1178 l'
1714 1156 1825 1179 annuo
1850 1156 1976 1180 canone
2000 1149 2035 1180 sii

213 1199 270 1232 lire
293 1200 339 1233 32
361 1201 525 1242 imperiali
546 1199 608 1242 (1).

1036 1406 1197 1447 CML.

302 1511 441 1540 Laurea
466 1512 501 1541 in
525 1513 680 1549 teologia
706 1514 741 1542 di
767 1514 856 1543 frate
882 1515 1040 1550 Eugenio
1065 1516 1109 1544 da
1134 1515 1282 1545 Pesaro.

808 1619 973 1651 1566,
1005 1621 1354 1653 settembre,
1385 1621 1438 1647 6.

704 1705 784 1730 (Arch.
808 1706 890 1728 Notar.
907 1706 929 1728 di
945 1707 1025 1728 Pavia.
1048 1719 1074 1722 —
1089 1708 1138 1729 Atti
1156 1708 1178 1729 di
1195 1708 1308 1730 Giacomo
1322 1709 1414 1731 Andrea
1431 1709 1547 1735 Boldoni).

450 1843 453 1875 1

227 1844 230 1977 θ
298 1875 384 1991 F
450 1877 578 1936 1ΒΑΤΕΗ
604 1903 820 1936 l-lieronimus
846 1904 999 1945 Vegiolla
1025 1905 1065 1936 de
1091 1904 1273 1944 Placentia,
1288 1915 1382 1938 sacre
1396 1907 1541 1949 teologie
1567 1908 1696 1947 doctor,
1711 1908 1851 1941 Ordinis
1878 1910 2027 1942 Fratrum

450 1948 451 2015 J
479 1965 660 1998 Servorum
687 1966 783 1998 beate
808 1966 957 2008 Virginis
983 1967 1090 1999 Marie
1115 1970 1146 1999 et
1172 1969 1202 1999 in
1230 1969 1474 2009 presentiarum
1490 1970 1644 2002 residens
1671 1971 1702 2001 in
1728 1974 1897 2003 conventu
1915 1974 1946 2004 et
1961 1982 2030 2004 mo-

414 2064 418 2065 ⁷
479 2029 627 2059 nasterio
652 2028 804 2060 eiusdem
833 2029 1053 2061 inthemerate
1078 2029 1227 2071 Virginis
1254 2031 1361 2063 Marie
1386 2031 1569 2072 vulgariter
1594 2036 1789 2073 nuncupato
1803 2036 1910 2066 sancti
1926 2035 2027 2067 Primi

209 2088 325 2130 papie,
352 2089 516 2122 Visitator
540 2090 663 2122 Vicarii
690 2091 869 2131 generalis,
903 2090 1029 2124 Comes
1069 2091 1267 2130 Pallantius,
1294 2102 1354 2133 pro
1380 2093 1538 2125 tribunali
1577 2094 1702 2126 sedens
1738 2103 1840 2136 super
1881 2097 2027 2136 quadani

207 2152 366 2184 cathedra
392 2152 517 2184 ibidem
544 2153 667 2193 posita,
694 2154 862 2185 universis
887 2155 918 2184 et
943 2154 1088 2195 singulis
1129 2157 1303 2195 presentes
1340 2156 1545 2196 inspecturis
1582 2156 1724 2188 salutem
1751 2159 1782 2189 et
1808 2159 2026 2190 reverentiam

208 2216 274 2246 tarn
301 2215 459 2246 devotam
486 2224 587 2255 quam
613 2215 773 2247 debitam.
799 2215 869 2247 Etsi
895 2216 1044 2247 omnium
1072 2225 1132 2256 pro
1158 2216 1298 2248 scientie
1336 2218 1513 2258 margarita
1550 2219 1762 2258 capescenda
1796 2220 2025 2252 insudantium

207 2277 324 2315 virtus,
350 2278 507 2318 exigente
533 2277 676 2315 iusticia,
702 2278 815 2319 dignis
841 2278 883 2309 sit
909 2278 1046 2318 premiis
1071 2278 1273 2315 decoranda,
1300 2279 1345 2310 illi
1371 2281 1481 2310 tamen
1507 2280 1563 2320 qui
1591 2280 1622 2311 in
1641 2289 1735 2312 sacra
1761 2281 1919 2322 teologia,
1959 2291 2025 2322 que

207 2341 258 2371 est
283 2340 432 2370 omnium
460 2342 563 2371 mater
599 2342 700 2380 atque
739 2341 898 2380 magistra
935 2340 1082 2380 fideique
1120 2340 1376 2372 fondamentum
1402 2350 1441 2373 ac
1467 2342 1509 2373 ad
1537 2343 1638 2373 vitam
1672 2345 1819 2374 eternam
1846 2344 1899 2375 via
1925 2347 2026 2381 recta,

207 2401 342 2441 propria
368 2401 596 2441 relinquentes
621 2403 652 2433 et
677 2410 713 2433 se
740 2402 835 2442 ipsos
860 2401 1082 2442 abnegantes,
1108 2411 1166 2442 per
1191 2403 1325 2434 diversa
1353 2403 1465 2434 mondi
1484 2404 1617 2435 climata
1633 2405 1745 2436 studia
1763 2408 1912 2437 rotarunt
1937 2409 1968 2438 et
1993 2407 2023 2438 in

207 2464 256 2495 eis
282 2466 398 2495 noctes
424 2473 567 2504 persepe
593 2464 755 2496 ducentes
782 2465 965 2501 insomnes,
992 2465 1165 2496 immensis
1191 2465 1366 2496 laboribus
1390 2467 1421 2496 et
1447 2466 1631 2498 sudoribus
1658 2467 1810 2499 bravium
1844 2469 2024 2509 attigerunt

207 2525 351 2566 digniori
377 2528 454 2557 sunt
481 2526 606 2557 honore
632 2526 819 2566 premiandi
845 2535 883 2557 ac
910 2527 1025 2557 maiori
1052 2528 1236 2558 reverentie
1262 2527 1352 2558 dono
1377 2527 1572 2559 decorandi.
1598 2527 1754 2569 Cumque
1786 2530 1929 2562 dilectus
1966 2540 2025 2562 no—

207 2587 260 2619 bis
285 2588 315 2618 in
341 2586 478 2620 Christo
504 2588 663 2619 dominus
688 2588 788 2620 frater
813 2588 985 2629 Eugenius
1012 2588 1250 2627 pisauriensis,
1276 2589 1376 2621 frater
1413 2589 1588 2630 professus
1615 2590 1938 2632 Augustinianensis
1963 2592 2024 2624 Or-

261 2754 291 2777 (li
310 2754 335 2775 Αἰ
350 2754 377 2775 30
390 2754 476 2780 giugno
500 2754 537 2776 del
563 2754 614 2776 1556
637 2755 752 2776 troviamo
776 2755 809 2776 ira
829 2755 858 2780 gli
874 2755 916 2776 atti
933 2755 954 2776 di
971 2754 1082 2776 Giacorno
1137 2755 1186 2775 iure
1201 2755 1270 2781 legati
1286 2755 1395 2781 relinquit
1408 2757 1550 2777 monasterio
1558 2756 1704 2778 dominorum
1715 2757 1819 2778 Fratrum
1829 2758 1926 2779 ecclesie
1937 2760 2018 2779 sancte

208 2798 299 2819 Andrea
315 2798 427 2820 Boldoni:
443 2799 620 2820 Testamentum
631 2799 768 2825 spectabilis
779 2799 930 2820 humanitatis
946 2799 1087 2825 professoris
1142 2799 1254 2820 Mustiole
1278 2800 1381 2821 civitatis
1404 2800 1474 2826 Papie
1499 2801 1601 2822 florenos
1625 2802 1728 2827 quinque
1744 2802 1805 2822 omni
1821 2808 1890 2828 auno,
1906 2803 1964 2828 ipsis
1979 2803 2018 2823 do-

209 2842 294 2863 domini
310 2842 425 2864 Guillelmi
441 2843 469 2864 dc
486 2843 604 2868 FerrariiS,
621 2843 660 2864 tilii
675 2843 793 2869 quondam
809 2844 924 2869 iohannis,
936 2844 994 2864 civis
1009 2845 1031 2864 et
1047 2844 1085 2864 na-
1140 2844 1207 2865 minis
1222 2844 1333 2865 fratribus
1349 2845 1440 2865 dandos
1455 2846 1477 2866 et
1493 2846 1622 2867 solvendos
1646 2846 1675 2867 de
1700 2846 1814 2867 fructibus
1838 2849 1860 2867 ct
1886 2847 2016 2867 redditibus

209 2887 295 2908 bitator
310 2887 389 2913 Papie,
405 2888 440 2909 nel
456 2888 524 2914 quale
539 2888 631 2909 ordinat
643 2889 666 2909 et
682 2888 746 2909 iubet
770 2889 821 2909 eius
844 2888 944 2909 cadaver
959 2888 1042 2909 deterri
1058 2890 1079 2909 ct
1136 2889 1273 2914 quorumvis
1289 2890 1402 2910 bonorum
1417 2890 1492 2915 ipsius
1507 2890 1594 2911 domini
1610 2891 1759 2911 testatoris..
1776 2891 1838 2917 quod
1855 2892 1956 2917 legatum
1971 2892 2015 2917 ipsi

208 2932 296 2952 humari
312 2932 333 2952 in
349 2932 446 2953 ecclesia
468 2933 549 2953 sancte
573 2932 685 2954 Mustiole
709 2933 814 2958 predicte
829 2933 931 2954 civitatis
947 2932 1026 2959 Papie,
1043 2933 1081 2953 ubi
1137 2933 1223 2954 domini
1239 2933 1324 2954 fratres
1338 2939 1422 2959 capere
1446 2934 1537 2960 possint
1563 2935 1657 2960 propria
1681 2935 1823 2956 auctoritate
1843 2937 1865 2956 et
1881 2936 1972 2961 absque
1987 2941 2015 2956 co

206 2977 326 3003 contingat
341 2982 393 2998 eum
409 2977 466 2998 niori
481 2977 503 2998 in
518 2977 580 2998 dicta
595 2977 691 2998 civitate
707 2977 787 3003 Fame,
802 2978 825 2998 et
841 2978 879 2998 ubi
894 2978 1014 3003 contingat
1029 2977 1083 2998 alibi
1140 2978 1203 3003 quod
1219 2979 1343 2998 teneantur
1366 2983 1450 3003 capere
1472 2978 1500 2999 de
1525 2984 1592 2999 manu
1617 2979 1736 3000 heredis„
1760 2981 1782 3000 et
1805 2980 1848 3000 hoc
1872 2985 1922 3000 cuni
1945 2984 2014 3000 onere

207 3020 328 3047 decedere,
344 3021 407 3047 quod
422 3021 540 3042 deteratur
549 3023 571 3043 et
580 3022 688 3043 humetur
703 3022 724 3042 in
739 3021 818 3048 aliqua
833 3022 931 3043 ecclesia
947 3022 1082 3048 proximiori
1138 3022 1242 3043 iniuncto
1257 3021 1354 3048 pretatis
1370 3022 1470 3043 dominis
1485 3021 1597 3043 iratribus
1616 3023 1748 3044 celebrandi
1774 3023 1858 3044 missas
1883 3023 1986 3049 quinque
2000 3029 2013 3043 a

206 3070 252 3091 que
266 3066 390 3087 veneratur
404 3066 449 3087 sub
464 3065 544 3087 ordine
559 3071 600 3087 seu
616 3065 732 3087 vocabulo
746 3066 820 3087 sancti
832 3066 982 3092 Augustini.,.
1000 3066 1081 3087 nemi..
1138 3066 1237 3087 mortuis
1252 3066 1343 3091 singulo
1358 3071 1419 3087 anno
1435 3071 1477 3092 pro
1491 3066 1567 3087 anima
1583 3067 1658 3093 ipsius
1673 3066 1759 3088 domini
1775 3067 1905 3088 testatoris.
