2305 3407
1910 141 1974 173 265

157 280 360 321 opportunis
386 281 417 311 in
444 279 612 310 similibus
652 277 953 318 acceptationibus.
980 275 1137 313 Ulterius,
1164 275 1273 306 dictus
1311 274 1350 305 D.
1378 274 1489 305 Frater
1527 275 1662 305 Marcus
1705 276 1887 306 inliciendo
1928 285 1975 307 re-

157 343 277 373 uuncie
303 344 333 373 et
359 350 418 373 seu
453 341 631 372 donacioni
670 349 729 380 per
753 348 827 370 eum
854 339 938 369 alias
964 338 1053 368 dicto
1080 338 1284 368 monasterio
1312 337 1341 367 in
1369 346 1429 368 sua
1457 337 1668 376 professione
1700 336 1794 371 facte,
1823 340 1974 377 sponte...

158 405 260 436 cessit
286 406 317 435 et
343 403 552 435 renunciavit
570 412 608 433 ac
634 402 723 434 cedit
748 403 778 432 et
804 400 975 431 renunciat
1001 402 1030 430 et
1057 402 1223 439 quatenus
1246 399 1406 439 expediat
1433 399 1571 430 donavit
1597 402 1627 429 et
1654 400 1756 430 donat
1776 400 1903 439 prefato
1928 409 1975 430 re-

158 467 305 498 verendo
325 465 363 497 D.
383 466 471 497 fratri
492 465 673 496 Fortunato
689 463 835 504 presenti
851 466 881 494 et
901 462 1074 502 stipulanti
1091 463 1224 492 nomine
1242 465 1271 492 et
1292 463 1362 492 vice
1382 462 1459 492 dicti
1479 462 1552 492 eius
1572 462 1797 492 monasterii...
1817 463 1927 493 ‹nnnia
1947 466 1976 493 et

158 537 370 568 quecumque
397 528 484 558 bona
512 526 648 558 mobilia
685 528 715 556 et
742 525 958 556 immobilia...
986 524 1129 554 maxime
1157 525 1278 564 petiam
1307 533 1404 554 unam
1440 526 1522 555 terre
1561 524 1691 555 vineate
1725 524 1928 564 appellatam
1957 525 1975 554 il

158 588 335 630 Capusino
362 590 584 630 perticliarnm
611 589 708 619 trium
747 588 798 618 vel
836 587 944 623 circa;
982 587 1104 626 petiam
1133 595 1230 617 unam
1269 589 1351 617 terre
1378 586 1465 617 culte
1492 587 1689 626 perticarum
1729 596 1788 617 sex
1816 595 1889 617 cum
1929 587 1977 617 ui-

159 652 260 683 midia
287 652 337 683 vel
364 652 460 688 circa,
488 651 542 682 ubi
580 650 700 681 dicitur
725 649 755 680 al
781 658 902 689 campo
939 648 991 678 del
1030 657 1132 688 pero;
1170 648 1293 688 petiam
1332 657 1430 679 unam
1469 650 1551 678 terre
1591 648 1677 678 culte
1714 648 1917 688 appellatam
1957 648 1976 678 il

157 723 278 754 campo
305 714 345 745 de
372 714 400 744 la
427 722 519 750 noce,
545 713 642 743 sitam
681 712 711 742 in
749 711 914 742 territorio
952 711 1030 741 dicti
1070 710 1130 741 loci
1170 710 1333 741 Barone...
1373 710 1450 741 Item
1489 711 1569 741 illud
1597 711 1792 741 creditum...
1820 710 1976 741 librarum

157 775 539 816 centumquinquaginta
577 775 797 815 imperialium
835 775 943 806 eidem
980 773 1129 805 debitum
1167 775 1198 804 et
1218 773 1411 810 ,debitarum
1439 782 1496 813 per
1523 772 1751 804 Alexandrum
1787 773 1826 803 tie
1866 772 1977 803 Mara-

159 838 288 870 bellis...
308 840 478 869 reservato
504 839 613 868 tamen
633 837 696 868 sibi
717 837 891 869 usufructu
911 838 1074 868 dictorum
1095 836 1259 867 bonorum
1279 838 1309 867 et
1325 836 1443 866 iurium
1465 845 1523 873 pro
1542 837 1610 866 toto
1630 837 1778 875 tempore
1799 836 1863 866 vite
1883 843 1975 866 sue...

159 899 198 931 Et
224 900 312 937 inde,
338 902 400 931 etc.
427 899 657 937 Presentibus,
684 903 744 930 etc.

935 1100 1202 1141 CMLXII.

247 1210 260 1237 1
286 1210 458 1238 Conventi
484 1210 517 1238 di
543 1211 578 1238 S.
616 1210 790 1245 Agostino
827 1219 845 1238 e
882 1210 916 1238 di
955 1211 989 1239 S.
1028 1210 1197 1238 Mostiola
1235 1210 1401 1237 ricevono
1427 1209 1449 1236 il
1475 1213 1681 1245 pagamento
1719 1208 1883 1236 d'affitto
1922 1209 1977 1236 dei

159 1273 239 1301 beni
266 1273 300 1301 di
326 1272 500 1301 Abiatico.

736 1368 900 1399 1658,
932 1369 1283 1398 llove1n131·e‚
1316 1367 1393 1391 10.

712 1456 788 1479 (Arcti.
807 1456 887 1476 Notar.
904 1456 925 1476 di
943 1456 1021 1476 ΡεὶνίειΑ
1038 1467 1062 1469 -
1079 1456 1125 1476 Atii
1142 1455 1163 1476 di
1180 1456 1237 1476 titan
1253 1455 1327 1476 Maria
1344 1455 1421 1479 Cani).

398 1643 469 1687 fella
494 1653 577 1684 cella
612 1653 665 1684 del
699 1652 810 1684 Priore
835 1652 870 1684 cii
894 1651 927 1684 S.
959 1652 1132 1692 Agostino.
1169 1652 1197 1683 ll
1231 1652 1400 1683 causidico
1439 1651 1526 1684 Gian
1563 1651 1694 1683 Andreu
1732 1650 1885 1689 Boldoni‚
1924 1659 1983 1682 no-

229 1641 350 1758 N
399 1690 401 1761 1
429 1716 516 1747 mine
543 1715 737 1747 hereditatis
773 1717 804 1746 et
830 1715 995 1746 bonorum
1022 1724 1108 1746 nunc
1135 1715 1306 1755 quondam
1334 1714 1511 1755 magnifice
1537 1714 1671 1745 domine
1705 1712 1909 1746 Contessirie
1942 1714 1982 1744 de

197 1815 291 1816 W?
399 1765 401 1810 1
429 1778 609 1816 Barbiano,
645 1779 721 1810 item
752 1781 782 1810 et
810 1778 949 1810 illustris
986 1778 1112 1809 domini
1150 1778 1283 1809 comitis
1308 1776 1421 1809 Caroli
1460 1777 1500 1808 de
1538 1776 1706 1808 Barbiauo
1732 1777 1772 1808 de
1799 1776 1983 1808 Belzoioxo

164 1842 297 1874 heredis
334 1841 473 1872 instituti
511 1841 542 1872 in
579 1843 780 1872 testamento
818 1840 945 1881 prefate
981 1841 1117 1872 domine
1154 1839 1391 1872 Contessine,..
1427 1839 1469 1870 ad
1507 1839 1700 1870 evitandam
1730 1848 1980 1879 quamcumque

165 1913 291 1936 moram
318 1906 348 1935 et
373 1904 628 1935 caducitatem...
665 1912 778 1935 coram
805 1903 990 1935 reverendo
1016 1911 1109 1934 sacre
1146 1902 1315 1943 theologie
1341 1902 1479 1933 doctore
1505 1902 1642 1933 domino
1669 1901 1830 1942 magistro
1869 1901 1985 1932 Fortu-

165 1969 243 1998 nato
269 1967 310 1998 de
335 1965 467 1998 Cerauo
507 1965 620 1997 Priore
659 1966 852 1997 monasterii
890 1966 996 1997 sancti
1029 1965 1208 2006 Augustini
1235 1967 1265 1996 et
1292 1964 1391 1995 tratre
1418 1963 1547 2005 Angelo
1584 1964 1625 1995 de
1653 1963 1757 2004 Papia
1795 1964 1927 1995 sindico
1952 1966 1984 1995 et

166 2030 381 2069 procuratore
406 2028 557 2060 eiusdem
584 2028 789 2066 monasterii,
814 2029 892 2059 item
918 2028 1104 2059 reverendo
1129 2028 1267 2058 domino
1293 2026 1392 2057 fratre
1420 2026 1533 2059 Roclio
1552 2026 1592 2057 de
1610 2025 1824 2066 Camayrano
1850 2026 1983 2057 sindico

168 2093 199 2122 et
232 2092 446 2131 procuratore
483 2090 676 2121 monasterii
714 2092 829 2121 sancte
867 2090 1028 2121 Mustiole
1055 2089 1170 2130 Papie,
1207 2089 1328 2120 obtulit
1364 2091 1395 2120 et
1431 2088 1526 2119 offert
1563 2088 1665 2119 libras
1702 2088 1904 2128 octuaginta,
1926 2096 1987 2128 per

166 2152 274 2193 affitto
299 2152 465 2184 dell'anno
494 2153 582 2184 1557
602 2152 655 2184 dei
679 2152 753 2183 beni
776 2153 811 2184 αι’
834 2152 995 2188 Abiatico,
1033 2152 1190 2192 spettanti
1208 2160 1270 2192 per
1290 2151 1376 2182 metti
1413 2151 1448 2182 αι’
1471 2150 1533 2182 due
1565 2151 1724 2187 conventi,
1749 2150 1807 2181 cite
1832 2150 1984 2181 ricnsano

169 2215 204 2246 di
226 2214 399 2246 accettarle
424 2223 488 2246 non
516 2214 653 2246 volendo
679 2214 869 2246 continuare
894 2214 1118 2246 l'investituta
1143 2211 1204 2253 (1).

232 2371 345 2396 11)5()Ῐίυ
367 2372 387 2392 1;ι
409 2371 463 2392 data
488 2372 494 2391 1
520 2377 598 2391 marzo
616 2371 674 2395 1558,
690 2371 804 2391 irovianio
820 2371 833 2391 il
855 2371 998 2391 testamento
1014 2370 1050 2391 del
1105 2370 1205 2391 cadaver
1220 2376 1287 2390 suurn
1304 2370 1351 2391 vnlt
1375 2370 1476 2395 sepelliri
1492 2369 1576 2390 debere
1601 2369 1621 2390 in
1647 2369 1768 2395 sepultura
1792 2368 1938 2389 dominorum
1955 2368 1982 2389 dc

174 2415 298 2437 sacerdote
323 2416 451 2436 Francesco
475 2415 579 2440 Botteui,
603 2415 639 2435 del
663 2414 685 2435 in
711 2414 855 2440 Giacomino,
881 2416 969 2435 rettore
993 2414 1053 2435 della
1108 2414 1256 2435 Sclailenatis
1280 2416 1324 2435 rita
1340 2414 1362 2435 in
1377 2414 1475 2435 ecclesia
1499 2414 1633 2435 monasterii
1657 2415 1737 2434 sancte
1759 2413 1879 2434 Mustiolle
1904 2412 1983 2438 Papio.

174 2461 251 2481 chiesa
268 2460 289 2481 di
305 2460 327 2481 S.
345 2459 446 2481 Patrizio
461 2460 483 2480 in
499 2460 629 2485 Borgorato
645 2460 680 2480 nel
696 2460 809 2480 suburbio
820 2459 841 2479 di
859 2459 937 2485 paviay
953 2459 966 2479 il
983 2459 1051 2485 quale
1108 2459 1184 2480 L'atto
1199 2459 1211 2480 ‘e
1226 2462 1309 2484 rogato
1325 2459 1361 2479 dal
1377 2458 1456 2480 notaio
1471 2458 1596 2479 Oerolamo
1611 2458 1701 2479 Oualla.
