2305 3407
333 152 353 182 2

333 285 591 318 Vercellensem⁴
617 284 756 318 Ordinis
783 285 888 318 Vallis
915 285 1093 323 Umbrose,
1120 285 1393 318 Bartholomeum
1421 286 1647 325 Valmacham,
1689 286 1869 320 Iohannem
1897 287 2078 320 Antonium
2104 289 2146 321 de

334 346 459 380 Sancto
484 347 627 380 Nazario
654 348 951 385 mediolanensem,
979 348 1250 380 Bartholomeum
1277 349 1318 380 de
1345 347 1540 387 Castelatio,
1567 348 1734 390 Philipzim
1754 350 1795 382 de
1814 350 1937 389 Laude,
1956 349 2146 383 Gabrielem

335 411 375 442 de
402 409 559 447 Savietis,
597 409 735 442 Ordinis
773 410 1014 442 l-Ieremitarum
1033 409 1084 450 (1)
1109 413 1139 442 et
1177 410 1386 443 Vincentiiim
1424 411 1465 443 de
1503 410 1611 443 Dodis
1648 411 1786 444 Ordinis
1820 411 2081 452 predicatorum,
2106 414 2148 446 ad

335 482 477 505 examen
504 473 772 505 bachalariorum
799 474 840 505 ad
868 474 1096 514 magisterium
1123 473 1349 514 aspirancium
1376 473 1567 513 deputatos,
1595 474 1749 514 privatim
1769 477 1800 506 et
1818 475 1968 515 rigorose
1993 476 2148 508 hesterna

335 536 388 566 die
414 536 628 567 examinatus
653 535 762 571 fuerit,
789 539 820 567 et
847 536 933 566 idem
960 535 1061 567 frater
1087 534 1252 567 Iohannes
1279 536 1309 566 in
1336 536 1490 567 examine
1518 536 1593 576 ipso
1619 545 1655 568 se
1681 537 1789 568 taliter
1826 537 1978 568 habuerit
2013 538 2105 578 quod
2131 547 2149 570 a

335 598 444 635 nobis,
470 600 655 629 convocata
682 601 712 629 et
738 601 941 638 congregata
969 598 999 628 in
1027 597 1102 628 aula
1130 606 1250 638 inagna
1284 597 1396 638 palatii
1434 599 1642 639 episcopalis
1679 599 1893 637 prelatorum,
1919 600 2092 631 doctorum
2119 603 2150 632 et

335 661 514 692 scolarium
543 661 642 691 huius
667 660 743 692 almi
771 658 880 691 Studii
920 660 1132 691 multitudine
1170 660 1323 700 copiosa,
1361 669 1421 700 pro
1459 661 1594 701 negotio
1620 661 1813 693 huiusmodi
1840 662 2030 702 specialiter
2055 671 2151 703 pera-

335 724 466 764 gendo:
492 726 522 754 et
548 723 640 753 finito
667 725 696 753 et
723 722 821 757 facto,
848 722 888 753 de
915 722 1018 753 nostri
1047 722 1179 754 licentia
1207 725 1241 753 ut
1267 723 1371 754 moris
1407 725 1469 760 est,
1507 731 1659 755 sermone
1686 733 1743 764 per
1768 725 1989 756 reverendum
2024 727 2150 765 patrem

336 786 507 816 dominum
535 786 729 825 magIstrum
768 784 946 816 Iohannem
986 783 1166 815 Antonium
1194 785 1235 816 de
1261 783 1384 817 Sancto
1418 785 1560 816 Nazario
1588 786 1618 816 in
1645 794 1739 818 sacra
1776 787 1946 827 theologia
1980 787 2152 818 doctorem

336 848 599 879 celeberrimum.
624 848 667 878 ab
694 848 837 887 Ipsoque
863 847 1000 877 domino
1041 846 1140 878 fratre
1183 846 1339 884 Iohanne,
1366 848 1396 878 in
1431 847 1586 879 manibus
1628 849 1761 881 nostris,
1803 850 1943 889 prestito
1968 850 2010 880 ad
2037 851 2153 881 sancta

337 909 397 941 Dei
426 910 617 950 Evangelia,
647 909 803 940 manibus
829 918 932 949 super
958 912 1078 950 pectus
1115 919 1212 941 suum
1252 910 1383 950 positis,
1421 910 1521 941 solito
1559 911 1754 948 iuramento,
1788 912 1878 951 quod
1905 920 1945 942 ex
1973 920 2076 943 causa
2102 912 2153 943 sui

338 973 519 1013 magisterii
547 982 611 1003 non
638 972 780 1003 excedet
807 972 837 1002 in
865 972 937 1003 eius
963 973 1126 1012 expensis
1151 974 1263 1003 taxam
1298 970 1506 1004 Clementine
1548 974 1695 1004 secunde
1722 973 1770 1005 De
1796 974 1981 1014 Magistris,
2007 977 2037 1005 et
2063 974 2154 1014 quod

337 1035 484 1066 servabit
510 1037 632 1065 statuta
659 1034 808 1065 eiusdem
837 1033 1087 1070 Universitatis,
1113 1043 1151 1065 ac
1179 1037 1277 1075 prout
1303 1044 1362 1075 per
1386 1035 1472 1066 alios
1499 1036 1678 1075 magistros
1704 1036 1838 1067 solitum
1865 1039 1913 1067 est
1941 1037 2049 1069 iurari,
2076 1046 2156 1068 eun-

337 1097 411 1128 dem
439 1097 570 1128 fratrem
598 1096 790 1133 Iohannem,
817 1097 864 1127 sic
891 1097 961 1127 suis
987 1097 1205 1137 exigentibus
1232 1098 1365 1133 meritis,
1394 1098 1588 1138 magistrum
1616 1107 1674 1130 seu
1702 1099 1871 1130 doctorem
1892 1099 1923 1129 in
1943 1108 2036 1130 sacra
2063 1099 2157 1130 theo-

338 1160 436 1199 logia,
463 1160 662 1190 auctoritate
689 1159 841 1199 prelibati
870 1159 1144 1190 reverendissimi
1171 1159 1297 1190 domini
1325 1160 1450 1191 domini
1486 1158 1677 1192 Cardinalis
1703 1163 1733 1192 et
1758 1161 2040 1192 administratoris
2075 1170 2158 1201 apo-

336 1222 456 1253 stolico
483 1224 513 1252 et
541 1222 703 1262 imperiali
744 1222 931 1263 privilegiis
969 1225 1002 1253 ut
1040 1221 1204 1262 prefertur
1229 1223 1435 1260 communiti,
1473 1231 1539 1262 qua
1577 1222 1747 1263 fungimur
1773 1223 1803 1253 in
1831 1223 1891 1254 hac
1929 1225 2029 1263 parte,
2058 1223 2157 1255 hodie

340 1284 442 1324 paulo
467 1286 543 1315 ante
569 1284 806 1315 constituimus
832 1286 863 1315 et
888 1284 1090 1320 creavimus,
1117 1284 1250 1324 sibique
1276 1285 1468 1316 cathedram
1508 1285 1733 1325 magistralem
1775 1285 1978 1316 ascendendi
2005 1288 2037 1316 et
2063 1285 2093 1316 in
2120 1294 2158 1317 ea

339 1346 482 1387 legendi,
508 1346 663 1383 docendi,
690 1346 899 1386 disputandi,
940 1347 1107 1387 glosandi,
1151 1347 1402 1387 interpretandi.
1428 1348 1625 1387 questiones
1651 1350 1681 1378 et
1707 1348 1810 1378 dubia
1836 1348 2047 1385 terminandi,
2073 1350 2159 1379 cete-

340 1418 464 1449 rosque
489 1412 585 1440 actus
611 1409 790 1440 doctoreos
817 1410 848 1440 in
875 1410 1014 1440 scientia
1042 1410 1115 1450 ipsa
1134 1409 1313 1450 theologie,
1334 1410 1385 1440 hic
1404 1412 1433 1440 et
1453 1409 1577 1450 ubique
1596 1410 1754 1447 locorum,
1773 1410 1962 1447 exercendi,
1989 1410 2157 1441 licentiam

337 1473 568 1503 concessimus
594 1476 624 1503 et
650 1471 853 1509 facultatem,
880 1472 1102 1503 instrumento
1129 1472 1265 1512 publico
1292 1473 1474 1512 superinde
1500 1472 1655 1504 confecto
1675 1481 1732 1512 per
1750 1471 1859 1504 Sirum
1890 1471 2074 1504 piscarium
2101 1481 2160 1504 no-

338 1534 457 1565 tarium
485 1534 659 1573 publicum
687 1534 884 1574 papiensem
911 1543 949 1565 ac
976 1535 1141 1565 notarium
1183 1533 1284 1566 Curie
1311 1534 1525 1575 Episcopalis
1563 1536 1738 1575 papiensis
1776 1535 2036 1576 infrascriptum.
2063 1535 2159 1566 Nunc

343 1605 434 1633 vero,
460 1605 534 1627 cum
561 1598 747 1627 convocata
775 1598 805 1627 et
831 1598 1035 1637 congregata
1063 1597 1179 1627 iterum
1207 1596 1435 1629 Universitate
1454 1597 1689 1638 spectabilium
1707 1596 1888 1629 Doctorum
1916 1600 1946 1628 et
1972 1595 2158 1629 Scolarium

338 1659 477 1698 predicti
505 1657 613 1690 Studii
641 1659 793 1699 copiosa,
819 1667 857 1690 ac
883 1658 1055 1689 Nobilium
1082 1657 1216 1691 Civium
1244 1668 1423 1690 numerosa
1450 1660 1620 1696 catherva,
1640 1660 1670 1690 in
1690 1660 1920 1700 suprascripta
1946 1659 2022 1690 aula
2040 1667 2160 1700 magna

339 1721 453 1761 palatii
480 1721 699 1761 episcopalis,
727 1730 787 1761 pro
814 1722 876 1752 hoc
903 1721 1039 1761 negotio
1066 1721 1260 1761 specialiter
1285 1722 1499 1762 exequendo,
1526 1722 1636 1753 dictus
1674 1722 1774 1754 frater
1811 1721 1977 1753 Iohannes
2003 1731 2062 1762 per
2087 1730 2162 1762 pre-

339 1783 443 1815 fatum
471 1784 692 1814 reverendum
730 1784 903 1814 dominum
943 1784 1138 1825 magistrum
1178 1783 1357 1815 Iohannem
1397 1783 1578 1815 Antonium
1610 1785 1651 1816 de
1677 1783 1800 1816 Sancto
1837 1784 1981 1816 Nazario
2007 1785 2037 1815 in
2065 1793 2160 1816 sacra

342 1846 511 1887 theologia
539 1847 745 1887 magistrum,
783 1847 996 1887 vesperiatus
1023 1846 1083 1877 fuit
1109 1849 1143 1878 ut
1169 1847 1271 1878 moris
1297 1850 1358 1885 est,
1395 1847 1573 1887 eidemque
1610 1847 1748 1878 domino
1784 1847 1874 1878 fratri
1913 1847 2050 1878 Iohanni
2088 1856 2162 1878 cum

340 1909 414 1940 aliis
440 1909 637 1939 doctoribus
663 1911 694 1940 et
720 1909 890 1949 magistris
916 1909 1109 1940 cathedram
1135 1909 1342 1941 doctoralem
1361 1912 1395 1941 ut
1413 1913 1462 1941 est
1481 1910 1583 1941 moris
1601 1910 1808 1947 ascendenti,
1834 1910 1976 1949 eiusque
1991 1909 2102 1950 capiti,
2122 1909 2162 1941 de

341 1971 444 2002 nostri
472 1971 615 2007 licentia,
631 1980 689 2011 per
703 1971 847 2002 eundem
874 1980 968 2002 sacre
988 1971 1157 2012 theologie
1174 1972 1370 2012 magistrum
1390 1971 1570 2003 Iohannem
1591 1971 1772 2003 Antonium
1793 1972 1950 2003 birretum
1971 1971 2162 2013 magistrale

341 2034 518 2064 rotondum
557 2034 752 2073 impositum
779 2035 839 2071 est,
865 2034 1020 2071 servatis,
1047 2034 1078 2064 in
1106 2034 1292 2074 premissis,
1329 2034 1487 2066 omnibus
1512 2037 1542 2065 et
1569 2034 1713 2075 singulis
1738 2034 2034 2074 solempnitatibus
2059 2034 2091 2064 in
2117 2036 2165 2065 ta-

341 2096 430 2127 libus
456 2095 579 2127 debitis
605 2098 636 2127 et
661 2096 845 2127 consuetis.
873 2095 905 2127 In
932 2096 1029 2127 cuius
1055 2096 1100 2127 rei
1127 2097 1355 2128 testimonium
1383 2099 1558 2137 presentes
1576 2097 1644 2128 fieri
1664 2096 1807 2128 fecimus
1826 2097 1857 2128 in
1876 2097 2016 2128 formam
2035 2096 2161 2137 publici

341 2158 532 2189 documenti
560 2167 618 2198 per
645 2158 838 2189 iamdictum
866 2156 974 2190 Sirum
1002 2157 1188 2190 piscarium
1216 2159 1380 2190 notarium
1408 2158 1658 2200 infrascriptum
1685 2162 1717 2191 et
1742 2159 1842 2200 sigilli
1880 2160 2034 2200 prelibati
2071 2168 2164 2191 reve-

343 2220 532 2252 rendissimi
560 2221 686 2251 domini
714 2220 840 2251 domini
868 2219 1061 2253 Cardinalis
1087 2223 1118 2252 et
1143 2221 1428 2253 administratoris
1463 2223 1675 2263 appensione
1713 2223 1909 2253 communiri
1935 2223 1976 2254 ad
2004 2223 2161 2254 maiorem

342 2283 547 2314 evidentiam
585 2283 839 2323 premissorum.
879 2282 1001 2314 Datum
1027 2285 1059 2314 et
1083 2286 1194 2315 actum
1222 2282 1337 2324 papie,
1364 2285 1395 2315 in
1422 2284 1498 2316 aula
1536 2293 1657 2325 magna
1695 2284 1809 2325 palatii
1847 2284 2065 2325 episcopalis.
2099 2284 2162 2316 sub

344 2344 441 2375 Anno
468 2345 663 2376 Nativitatis
702 2344 836 2376 Domini
875 2348 1026 2377 currente
1064 2345 1243 2377 millesimo
1279 2347 1552 2388 quingentesimo
1590 2347 1707 2387 primo.
1745 2347 1927 2378 indictione
1953 2348 2079 2387 quarta,
2109 2346 2162 2378 die

344 2416 422 2438 vero
450 2407 547 2445 Iovis,
575 2408 751 2439 undecima
777 2408 903 2439 mensis
928 2407 1098 2446 februarii,
1125 2409 1205 2439 hora
1232 2418 1459 2449 vesperarum.
1488 2408 1705 2440 presentibus
1742 2408 1877 2441 Simone
1902 2411 1933 2440 et
1957 2408 2075 2440 Nicola
2100 2408 2165 2440 fra-

344 2469 451 2500 tribus
478 2470 517 2500 de
545 2468 703 2501 Garaldis
730 2470 807 2501 filiis
834 2471 1005 2510 quondam
1032 2471 1180 2511 magistri
1209 2470 1307 2509 Petri,
1333 2471 1502 2502 ambobus
1529 2471 1650 2502 bidelis
1675 2471 1890 2511 generalibus
1931 2470 2058 2511 prefate
2084 2470 2165 2503 Uni—

344 2532 514 2563 versitatis
540 2534 571 2563 et
597 2532 743 2564 Iohanne
771 2532 868 2564 Petro
894 2533 934 2564 de
961 2533 1156 2574 Aliprandis
1183 2533 1304 2565 clerico
1331 2533 1592 2571 mediolanense,
1619 2534 1696 2565 inde
1721 2534 1874 2565 testibus.

349 2688 374 2710 Il.
391 2694 443 2713 :1:«4,
463 2688 516 2711 nol:
533 2688 554 2708 tu
571 2689 661 2709 iscritto
678 2690 712 2709 nel
729 2689 831 2714 Collsgio
848 2691 962 2715 teologico
979 2691 1149 2715 nniversitnrio,
1162 2690 1224 2716 dopo
1280 2690 1343 2711 fosse
1360 2690 1396 2714 piu
1414 2690 1508 2711 Rcttorc
1523 2691 1606 2715 attivo,
1622 2696 1633 2711 c
1649 2691 1690 2711 che
1706 2690 1765 2711 dalla
1783 2690 1884 2712 Rettoria
1901 2691 2034 2716 percepisse
2046 2696 2089 2711 una
2106 2695 2160 2716 pen-

349 2733 484 2757 conscguita
502 2733 521 2752 la
539 2733 615 2753 laurea
632 2734 652 2753 in
675 2734 775 2757 teologia
792 2734 826 2754 nel
845 2734 902 2759 148οἰ,
919 2740 929 2755 e
946 2736 967 2755 tn
979 2735 1051 2755 anche
1064 2734 1157 2755 Rettore
1169 2735 1190 2754 ι11
1202 2734 1223 2755 ὃ,
1281 2735 1353 2755 sione.
1371 2735 1396 2755 Αἱ
1413 2735 1437 2755 27
1453 2734 1557 2755 tebbraio
1573 2735 1608 2755 del
1628 2736 1673 2755 1501
1701 2735 1815 2755 troviamo
1832 2738 1866 2755 tra
1882 2735 1911 2760 gli
1933 2735 1975 2755 atti
1999 2735 2059 2755 dello
2081 2736 2159 2755 stesso

349 2776 580 2801 Guiletta,villng:10
596 2777 754 2803 nell·()ltrcp‹‘›
770 2784 855 2803 pnvcsc
881 2779 925 2798 vol.
944 2779 968 2803 II,
986 2785 1030 2804 pag
1055 2779 1097 2803 lx,
1114 2781 1184 2802 nota).
1203 2780 1224 2800 ln
1281 2780 1360 2800 notaio
1377 2779 1504 2803 Manium-ia
1521 2779 1645 2809 l'identico
1661 2782 1801 2805 pngamento
1818 2785 1857 2805 per
1873 2780 1956 2799 I'anno
1974 2780 2030 2800 1500Δ
2047 2779 2070 2799 In
2082 2779 2158 2805 questi

350 2828 379 2842 un
396 2822 536 2842 documento
552 2822 587 2842 dcl
607 2823 629 2842 15
644 2822 748 2842 tebbrnio
773 2823 830 2847 1501,
853 2826 935 2847 rog-'110
959 2824 988 2844 dn
1013 2824 1070 2844 Gio:
1095 2824 1225 2845 Cristoforo
1281 2824 1325 2844 dne
1342 2824 1474 2845 documenti
1491 2823 1516 2844 Ir.
1534 2823 1645 2844 Giaconio
1661 2824 1672 2844 ὲ
1688 2824 1754 2844 detto
1771 2824 1832 2849 tiglio
1848 2824 1884 2844 dcl
1901 2823 1923 2844 fu
1939 2825 2018 2849 signo(
2034 2824 2124 2844 Mussoi

351 2866 479 2891 Mangmria
509 2866 575 2886 Arch,
593 2868 666 2887 notar
685 2866 753 2887 l’avin
771 2884 775 2891 ,
792 2867 906 2887 trovianio
922 2868 962 2888 che
978 2867 1036 2888 frate
1057 2868 1167 2888 Gincorno
1192 2869 1227 2889 nel
1336 2869 1365 2893 (1)
1381 2868 1443 2889 Sono
1459 2869 1497 2894 qui
1513 2869 1564 2889 altri
1581 2869 1664 2894 cinqne
1680 2869 1772 2889 maestri
1798 2869 1946 2893 augustiniani,
1962 2869 1983 2889 di
2000 2869 2035 2889 cui
2051 2868 2087 2893 gia
2111 2873 2161 2894 par-

350 2909 470 2931 Convento
486 2911 507 2931 di
524 2910 546 2931 S.
564 2911 675 2931 Mostiola
692 2911 766 2932 riceve
783 2912 820 2931 dal
837 2914 902 2937 prete
918 2912 1008 2933 Mntteo
1030 2912 1136 2933 Bcccarm
1147 2930 1152 2937 ,
1178 2912 1229 2934 Rct-
1284 2914 1368 2934 lantino
1384 2913 1419 2934 nel
1436 2913 1452 2934 II
1469 2913 1568 2933 volume.
1586 2913 1612 2933 Di
1629 2913 1674 2934 essi
1692 2913 1840 2934 Bartolomeo
1856 2913 1978 2934 Valmacca
2000 2915 2159 2939 apparteneva

352 2957 401 2975 tore
417 2954 438 2975 di
455 2954 477 2975 S.
494 2954 605 2980 Giuletta,
622 2956 661 2976 lire
676 2956 702 2977 36
717 2956 828 2981 imperiali
842 2962 886 2982 pro
899 2957 1013 2982 pensioni·
1028 2957 1086 2977 ηηηί
1101 2958 1163 2978 cursi
1181 2957 1231 2978 1499
1284 2958 1305 2978 al
1322 2957 1425 2983 Collegio
1441 2958 1556 2983 teologico
1572 2958 1602 2978 fin
1618 2957 1654 2978 dal
1673 2958 1735 2982 1491:
1752 2957 1777 2978 tr.
1795 2959 1884 2984 Filippo
1900 2958 1928 2978 da
1955 2958 2009 2979 Lodi
2032 2958 2069 2979 dal
2094 2957 2159 2982 149&

351 2999 413 3020 dicte
429 3000 528 3020 rectorio
544 3001 566 3020 et
581 3000 692 3021 ecclesie:
709 3000 785 3021 donde
801 3000 819 3021 si
836 3000 906 3021 rileva
922 3001 963 3022 che
979 3000 1037 3021 frate
1052 3001 1163 3022 Giacoiuo
1183 3007 1228 3022 non
1284 3002 1313 3027 gli
1329 3002 1380 3023 altri
1398 3004 1432 3023 tre
1448 3002 1484 3023 dal
1502 3002 1552 3023 1500
1566 3002 1621 3025 tvol.
1639 3002 1664 3027 11,
1681 3008 1733 3028 pag.
1750 3002 1776 3027 Χ,
1788 3004 1859 3027 nota).
