2305 3407
378 265 408 295 ln
438 265 554 304 primis
581 272 726 304 namque
752 263 964 295 declaramus
1000 263 1224 303 receptionem
1253 263 1484 303 processionis
1509 262 1699 294 litaniarum
1719 270 1805 302 quae
1830 262 1900 293 fieri
1926 262 2013 293 solet
2037 262 2106 294 sin-

287 327 376 368 gulis
401 327 499 358 annis
525 327 633 367 primo
659 326 712 357 die
739 326 814 358 lune
840 328 916 357 ante
943 324 1189 356 Ascensionem
1209 325 1412 356 dominicam
1440 334 1498 365 per
1522 325 1646 356 clerum
1665 327 1696 356 et
1715 324 1877 365 populum
1905 324 2102 364 papiensem

287 389 451 430 pertinere
476 391 507 420 et
533 392 685 429 spectare
713 388 852 428 prefatis
893 388 1041 418 dominis
1083 385 1268 418 Canonicis
1297 387 1521 427 regularibus,
1548 396 1613 418 non
1640 390 1751 418 autem
1779 385 1918 427 pretatis
1957 386 2104 417 dominis

286 451 458 483 Fratribus
486 451 712 488 heremitanis,
739 453 770 482 et
797 451 873 482 ideo
900 449 1050 490 prefatos
1090 450 1248 480 dominos
1275 449 1510 481 Heremitanos
1542 459 1607 480 non
1635 450 1758 480 habere
1784 457 1859 480 sese
1887 449 2103 480 intromittere

286 514 316 545 in
343 514 458 554 aliquo
483 516 647 554 apparatu
673 513 715 544 ad
743 513 968 553 recipiendam
995 512 1118 544 dictam
1146 512 1398 552 processionem
1425 515 1455 543 et
1481 512 1670 549 stationem,
1696 520 1769 543 curn
1797 512 1896 543 statio
1915 511 1990 551 ipsa
2007 510 2105 542 tuerit

284 578 315 607 et
340 576 393 613 sit,
419 584 460 606 ex
488 575 582 606 libris
608 575 758 615 antiquis
786 575 815 605 in
843 575 995 605 archivio
1020 574 1165 605 ecclesie
1204 573 1340 604 maioris
1366 573 1470 614 Papie
1499 574 1736 611 existentibus,
1763 573 1979 604 denominata
2005 573 2105 604 statio

282 638 324 669 ad
351 641 503 669 sanctum
531 636 664 669 Petrum
693 638 722 668 in
750 637 822 668 celo
849 646 962 673 aureo,
988 639 1018 667 et
1045 637 1092 667 sic
1118 636 1160 667 ad
1187 636 1317 667 titulum
1344 636 1547 668 abbatialem
1575 645 1689 668 mense
1716 637 1864 676 ipsorum
1892 635 2102 666 dominorum

282 699 533 732 Canonicorum
560 700 762 740 regularium
790 699 1017 730 solummodo.
1045 698 1122 730 ltem
1149 699 1347 730 ordinamus
1373 699 1465 739 quod
1491 699 1575 730 ordo
1602 698 1714 730 tabule
1740 698 1877 729 omnino
1903 698 2103 729 observetur

281 765 311 793 et
338 762 393 802 qui
420 761 654 793 contrafecerit
681 762 827 793 incurrat
855 761 930 801 ipso
956 761 1046 792 facto
1072 769 1192 801 penam
1235 761 1433 792 ducatorum
1476 761 1618 792 duorum
1645 761 1715 792 auri
1742 760 1981 801 applicandam
2009 759 2102 791 alteri

283 825 365 864 parti
393 833 458 855 non
485 823 738 855 contrafacienti
766 824 1050 863 quotiescumque
1076 823 1320 854 contrafactum
1347 823 1454 854 fuerit,

373 886 449 917 ltem
477 886 675 917 ordinamus
702 888 735 916 ut
760 894 863 926 supra
889 886 981 925 quod
1010 886 1039 916 in
1067 885 1154 916 testo
1181 889 1296 917 sancte
1322 884 1504 918 Catharine
1530 886 1672 926 virginis
1698 889 1728 917 et
1755 885 1899 916 martiris
1918 885 2029 916 omnia
2055 884 2105 915 di-

282 952 399 979 cantur
424 949 465 979 de
492 946 648 986 Cornuni,
676 951 784 989 preter
810 949 995 979 orationem
1033 951 1064 979 et
1102 948 1263 979 lectiones
1289 958 1327 980 ac
1353 949 1561 988 antiphonas
1587 949 1617 979 in
1646 949 1798 988 utrisque
1826 947 1979 987 vesperis
2005 950 2036 978 et
2061 947 2103 978 ad

282 1010 495 1048 Benedictus,
522 1020 586 1050 que
612 1011 767 1042 dicantur
792 1013 823 1042 et
849 1014 1024 1042 cantentur
1051 1011 1091 1041 de
1118 1011 1266 1051 proprio.

370 1073 447 1104 ltem
475 1074 682 1110 ordinamus,
709 1076 740 1104 et
766 1077 800 1104 ut
825 1082 939 1114 supra,
966 1073 1057 1113 quod
1085 1074 1115 1103 in
1143 1072 1230 1104 festo
1268 1073 1374 1104 sancti
1402 1072 1537 1104 Antonii
1564 1073 1699 1104 abbatis
1739 1073 1852 1103 omnia
1878 1072 2033 1103 dicantur
2058 1071 2099 1103 de

278 1137 424 1173 comuni,
452 1139 562 1176 preter
588 1136 750 1168 lectiones
789 1145 875 1176 quas
915 1137 1051 1177 scripsit
1093 1135 1219 1167 Beatus
1257 1135 1484 1176 Hyeronimus
1511 1136 1542 1166 in
1570 1136 1649 1167 vitis
1674 1138 1805 1175 patrum
1833 1134 2018 1166 secondum
2045 1134 2104 1165 de-

280 1200 405 1229 cretum
433 1197 561 1230 Gelasii
591 1197 693 1238 Pape,
720 1208 784 1238 que
812 1199 976 1239 incipiunt
1003 1197 1103 1239 igitur
1128 1200 1267 1230 sanctus
1293 1197 1460 1229 Antonius
1487 1198 1661 1229 nobilibus
1687 1200 1746 1228 etc.

371 1260 447 1291 ltern
475 1261 673 1292 ordinamus
699 1263 728 1292 et
757 1264 789 1291 ut
816 1269 918 1301 supra
946 1261 1037 1301 quod
1064 1260 1209 1291 infesto
1236 1264 1350 1292 sancte
1378 1260 1522 1292 Monace
1563 1261 1676 1292 omnia
1717 1261 1871 1291 dicantur
1897 1260 1937 1291 de
1963 1260 2098 1291 comuni

282 1326 392 1363 preter
418 1323 603 1354 orationem
631 1326 662 1354 et
690 1323 851 1354 lectiones
877 1332 916 1354 ac
941 1323 1148 1363 antiphonas
1173 1323 1215 1354 ad
1242 1323 1439 1363 Magnificat
1465 1326 1496 1354 et
1523 1322 1737 1354 Benedictus.

371 1384 449 1416 ltem
477 1385 677 1416 ordinamus
702 1388 732 1416 et
759 1388 793 1416 ut
819 1394 923 1426 supra
950 1385 1042 1425 quod
1070 1386 1101 1416 in
1127 1385 1214 1417 festo
1239 1386 1346 1417 sancti
1373 1385 1507 1417 Nicolai
1534 1386 1574 1416 de
1601 1385 1783 1416 Tolentino
1809 1386 1921 1416 omnia
1948 1385 2102 1416 dicantur

281 1448 321 1479 de
347 1448 480 1478 comuni
508 1450 616 1488 preter
641 1448 826 1479 orationem
853 1450 884 1479 et
909 1448 1115 1488 antiphonas
1141 1448 1182 1479 ad
1210 1447 1414 1479 Benedictus
1439 1451 1470 1479 et
1498 1448 1740 1488 Magnificatur
1760 1448 1910 1487 utrisque
1937 1447 2102 1487 vesperis,

280 1519 339 1541 nec
366 1510 430 1550 ipsi
457 1510 583 1540 domini
611 1510 763 1541 canonici
790 1510 886 1541 aliter
911 1510 977 1541 sint
1003 1510 1143 1550 obligati
1172 1511 1334 1542 interesse
1360 1510 1588 1541 benedictioni
1616 1510 1725 1550 panis.

370 1572 448 1603 ltem
475 1572 673 1603 ordinamus
698 1575 729 1604 et
755 1575 789 1603 ut
815 1581 918 1612 supra
938 1573 1028 1612 quod
1049 1572 1196 1604 infestis
1215 1575 1406 1604 sanctorum
1427 1571 1637 1613 Simpliciani
1665 1574 1695 1603 et
1722 1571 1894 1604 Guilielmi
1927 1572 2099 1603 orationes

280 1635 434 1665 dicantur
460 1635 500 1666 de
528 1635 676 1675 proprio,
703 1637 812 1666 cetera
840 1644 919 1666 vero
945 1635 986 1666 de
1012 1636 1157 1671 comuni,
1185 1637 1215 1666 et
1241 1635 1328 1666 idem
1356 1635 1387 1665 in
1414 1634 1501 1665 testo
1528 1635 1633 1665 sancti
1660 1633 1755 1665 Pauli
1783 1634 1879 1675 primi
1911 1634 2079 1665 heremite.

371 1696 449 1728 ltem
476 1697 675 1728 ordinamus
701 1700 732 1728 et
758 1700 792 1728 ut
818 1706 921 1737 supra
948 1697 1040 1737 quod
1067 1697 1152 1728 infra
1178 1700 1333 1729 octavam
1371 1698 1478 1728 sancti
1505 1696 1686 1738 Augustini
1725 1697 1855 1728 dicatur
1881 1697 1911 1727 in
1938 1696 2100 1737 Vesperis

279 1760 466 1800 antiphona
493 1760 630 1800 propria
656 1760 830 1800 assignata
858 1769 916 1800 per
941 1762 1044 1791 totam
1071 1762 1238 1797 octavam,
1265 1769 1330 1790 non
1356 1763 1466 1790 autem
1494 1762 1635 1800 vagetur
1660 1768 1718 1799 per
1743 1762 1790 1790 tot
1816 1759 2034 1799 antiphonas.

371 1821 448 1853 Item
476 1822 675 1853 ordinamus
700 1824 731 1853 et
758 1824 791 1853 ut
817 1831 920 1862 supra
947 1822 1037 1862 quod
1064 1823 1095 1853 in
1122 1824 1242 1853 octava
1269 1822 1379 1862 ipsius
1405 1822 1510 1853 sancti
1538 1821 1717 1863 Augustini
1746 1822 1776 1852 in
1804 1822 1922 1862 primis
1948 1821 2101 1861 vesperis

284 1884 483 1915 observetur
508 1885 592 1915 ordo
618 1884 760 1916 ecclesie
787 1884 951 1915 hactenus
975 1885 1190 1916 observatus.

371 1945 448 1977 ltem
475 1947 673 1978 ordinamus
699 1947 790 1986 quod
819 1946 946 1987 Regina
971 1946 1031 1978 celi
1058 1947 1190 1977 dicatur
1215 1955 1274 1978 seu
1302 1948 1455 1978 cantetur
1479 1955 1498 1978 a
1525 1947 1640 1987 vigilia
1660 1946 1814 1978 Pascatis
1833 1945 2101 1979 Resurrectionis

281 2016 389 2048 usque
415 2009 456 2039 ad
484 2008 731 2040 Asceusionem
770 2007 917 2046 Domini,
944 2009 1077 2046 stando,
1104 2019 1170 2041 non
1197 2012 1307 2040 autem
1326 2009 1471 2049 genibus
1496 2009 1607 2047 flexis,
1634 2012 1732 2049 prout
1759 2009 1801 2040 ita
1828 2012 2024 2049 preceptum
2050 2010 2101 2039 est

282 2079 299 2101 a
324 2071 431 2101 sacris
457 2071 648 2102 canonibus
675 2073 705 2102 et
733 2071 795 2102 hoc
823 2075 959 2112 propter
986 2072 1123 2103 letitiam
1150 2075 1180 2103 et
1206 2072 1347 2113 gloriam
1391 2070 1658 2104 Resurrectionis
1697 2072 1805 2111 ipsius
1832 2070 1967 2102 Domini
1995 2071 2099 2102 nostri

281 2132 352 2163 lesu
380 2131 517 2169 Christi,
544 2134 600 2173 qui
627 2137 760 2164 erectus
787 2134 969 2165 resurrexit
995 2137 1025 2165 et
1052 2137 1184 2165 erectus
1210 2134 1366 2165 ascendit
1393 2134 1423 2164 in
1451 2133 1569 2164 celum.

370 2194 448 2226 ltem
475 2196 674 2227 ordinamus
699 2199 730 2227 et
758 2200 790 2227 ut
817 2205 919 2236 supra
947 2197 1037 2236 quod
1065 2197 1167 2228 ruisse
1194 2198 1386 2228 sanctorum
1429 2196 1623 2227 habentium
1666 2197 1801 2236 propria
1827 2196 1942 2227 altaria
1971 2196 2000 2226 in
2029 2196 2103 2236 ipsa

280 2257 423 2288 ecclesia
450 2258 668 2289 decantentur
693 2259 734 2289 ad
763 2259 836 2298 ipsa
863 2259 991 2295 altaria,
1017 2259 1129 2290 debite
1156 2259 1342 2296 referendo,
1370 2259 1399 2289 in
1427 2268 1541 2290 eorum
1569 2259 1690 2290 diebus
1716 2258 1859 2295 festivis,
1887 2268 1961 2290 nam
1980 2261 2010 2289 et
2029 2259 2102 2300 ipse

282 2318 373 2349 Deus
401 2320 582 2350 honoratur
609 2320 638 2350 in
667 2320 825 2351 laudibus
852 2324 881 2351 et
910 2321 1127 2352 veneratione
1153 2324 1348 2352 sanctor-uu
1375 2330 1524 2352 suorum.

372 2381 449 2412 ltem
477 2382 675 2413 ordinamus
701 2386 729 2413 et
759 2386 791 2413 ut
818 2392 919 2423 supra
947 2384 1038 2423 quod
1064 2384 1150 2414 circa
1177 2384 1291 2415 horam
1319 2384 1500 2415 secontiam
1528 2384 1592 2415 diei
1621 2384 1757 2424 incipiat
1785 2384 1918 2424 pulsare
1937 2392 2101 2424 campana

281 2452 340 2482 pro
367 2445 468 2475 tercia
496 2444 648 2481 dicenda,
676 2445 718 2475 ita
746 2445 837 2484 quod
866 2445 945 2476 hora
973 2446 1067 2476 tertia
1094 2446 1157 2476 diei
1186 2446 1324 2486 incipiat
1351 2447 1476 2477 cantari
1505 2447 1608 2477 missa
1636 2455 1767 2486 magua,
1795 2450 1827 2477 ut
1854 2447 1926 2486 ipsa
1953 2447 1994 2477 sit
2014 2455 2103 2477 com

285 2506 435 2536 moditati
463 2506 696 2546 religiosorum
724 2511 754 2538 et
782 2508 898 2547 populi
926 2508 967 2538 ad
995 2508 1109 2539 divina
1136 2509 1360 2540 devenientis.

372 2567 446 2598 ltem
474 2568 670 2599 ordinamus
697 2570 788 2608 quod
815 2570 970 2608 aspersio
997 2579 1083 2609 aque
1112 2571 1285 2602 benedicte
1313 2571 1367 2601 siat
1394 2572 1482 2601 omni
1503 2571 1555 2602 die
1576 2572 1605 2601 in
1625 2571 1728 2602 choro
1755 2572 2099 2611 postcompletorium

282 2639 356 2660 cum
385 2631 453 2660 iura
481 2639 544 2660 non
574 2631 764 2670 improbent
793 2632 852 2662 has
880 2632 1068 2663 laudabiles
1094 2633 1369 2669 consuetiulines,
1397 2642 1470 2664 nam
1499 2634 1571 2673 ipsa
1591 2642 1679 2673 aqua
1699 2634 1873 2665 benedicta
1901 2634 2102 2674 suffragatur

283 2691 323 2722 ad
351 2691 496 2722 delenda
524 2693 680 2726 venialia,
707 2695 736 2723 et
763 2693 804 2723 ad
833 2693 1002 2732 fugandos
1029 2694 1136 2724 malos
1163 2695 1302 2734 spiritus
1329 2698 1359 2726 et
1385 2694 1469 2726 forte
1504 2696 1609 2726 malas
1650 2697 1872 2735 cogitationes
1897 2706 1914 2727 a
1941 2696 2102 2728 cordibus

286 2754 468 2784 hominum.

372 2815 448 2847 ltem
475 2817 672 2847 ordinamus
698 2821 727 2847 et
755 2821 787 2847 ut
814 2826 915 2857 supra
942 2819 982 2848 ad
1012 2818 1181 2849 tollendos
1221 2827 1339 2850 omnes
1378 2823 1488 2851 motus
1514 2824 1545 2851 et
1572 2821 1738 2852 incentiva
1765 2821 1912 2852 rixarum
1939 2822 2030 2861 quod
2057 2822 2098 2853 ad

282 2879 512 2909 adorationem
540 2882 654 2909 sancte
680 2877 799 2910 Crucis
827 2880 856 2909 iu
884 2880 936 2910 die
964 2881 1096 2911 veneris
1122 2880 1228 2911 sancti
1256 2888 1389 2920 semper
1415 2882 1596 2921 precedant
1634 2883 1794 2913 sacerdos
1818 2885 1849 2913 et
1875 2883 2015 2914 ministri
2042 2892 2102 2924 ap-

283 2941 400 2980 parati.
426 2940 547 2971 deinde
575 2941 637 2980 ipsi
665 2941 791 2971 domini
819 2939 997 2977 Canonici,
1024 2946 1053 2973 et
1081 2946 1157 2982 post
1183 2951 1243 2973 eos
1271 2943 1334 2982 ipsi
1362 2943 1490 2974 diunini
1518 2943 1735 2976 Heremitaui.

374 3002 450 3033 ltem
478 3003 676 3033 ordinamus
702 3005 732 3034 et
760 3005 792 3033 ut
819 3012 921 3043 supra
948 3004 1038 3043 quod
1067 3004 1096 3034 in
1124 3005 1285 3036 omnibus
1312 3006 1591 3045 processionibus
1617 3016 1681 3046 que
1707 3007 1806 3038 simul
1834 3007 1901 3038 fieri
1929 3007 2101 3047 continget
