2305 3407
1908 227 1950 258 55

137 362 308 403 legiptima
334 362 489 394 cessione
514 363 545 393 et
570 370 629 393 seu
656 362 882 403 resignatione
908 362 956 394 sic
982 361 1067 393 tacta
1093 363 1124 393 et
1149 369 1318 393 consensu
1346 362 1379 392 ut
1405 369 1519 401 supra,
1545 369 1610 391 non
1638 361 1779 392 intendit
1805 370 1864 392 nec
1883 360 1953 392 vult

136 424 237 456 modo
262 424 378 464 aliquo
404 424 570 464 quasdam
597 426 774 464 pretensas
798 425 1049 456 convenciones
1074 425 1105 455 et
1124 425 1280 464 pretensa
1300 425 1398 463 pacta
1416 432 1475 463 per
1493 423 1588 463 ipsos
1606 423 1778 454 dominum
1794 422 1953 461 Priorem,

138 486 268 518 Fratres
293 488 324 518 et
349 484 563 518 Conventum
591 487 785 518 monasterii
812 487 917 518 sancti
945 486 1124 527 Augustini
1152 486 1326 526 papiensis
1353 486 1416 516 iam
1443 485 1520 516 dicti
1547 484 1687 516 Ordinis
1713 484 1953 516 Heremitarum

138 549 238 580 modo
263 548 377 588 aliquo
404 548 513 580 valere
540 557 599 580 nec
625 550 768 580 tenere...
796 549 862 580 imo
888 549 1028 580 intendit
1055 548 1109 580 illa
1136 548 1316 588 infringere
1341 549 1371 578 et
1396 547 1578 578 anullare...
1605 548 1749 579 maxime
1776 547 1854 587 quia
1872 547 1956 578 tales

136 612 264 642 asserte
290 610 576 642 convenciones...
602 610 688 642 facte
714 610 820 642 fuisse
846 611 1036 649 creduntur,
1063 612 1097 642 ut
1122 611 1219 642 etiam
1246 619 1287 641 ex
1322 618 1436 641 eorum
1474 611 1589 641 tenore
1618 611 1769 650 apparet,
1795 609 1859 641 sub
1886 618 1958 649 pre-

138 675 231 704 textu
258 673 334 704 talis
361 672 542 704 vociferate
569 673 820 713 resignationis,
847 682 907 704 nec
933 674 1017 704 alias
1042 673 1127 704 facte
1152 672 1329 704 fuissent...
1356 671 1515 712 Alioquin
1546 674 1753 712 protestatus
1789 671 1849 702 tuit
1887 680 1959 712 pre-

138 734 228 767 fatus
253 735 411 766 dominus
438 734 661 767 Provincialis
686 737 717 767 et
744 737 948 776 protestatur
972 738 1086 767 contra
1113 736 1209 776 ipsos
1234 735 1392 766 dominos
1429 733 1624 766 Canonicos
1650 735 1691 766 de
1716 735 1805 765 omni
1843 743 1957 765 eorum

139 797 241 835 dollo,
268 797 366 835 malo,
393 806 484 828 mora
510 800 540 829 et
567 797 771 838 negligentia
797 807 834 829 ac
861 798 957 838 penis
983 798 1075 836 iuris,
1101 800 1132 829 et
1158 798 1248 838 quod
1276 798 1302 829 si
1329 799 1360 828 et
1387 797 1418 828 in
1445 799 1606 837 quantum
1633 797 1805 837 contingat
1846 797 1957 836 ipsum

139 860 357 891 reverendum
385 860 557 891 dominum
584 862 711 900 patrem
739 860 983 892 Provincialem
1010 869 1048 892 ac
1075 860 1222 891 Priorem
1249 862 1279 891 et
1306 859 1436 891 Fratres
1474 859 1645 900 predictos
1671 859 1712 890 de
1737 861 1847 890 cetero
1884 868 1961 899 pro-

139 923 234 963 sequi
260 924 291 954 et
317 931 533 963 perseverare
560 923 591 953 in
630 923 704 963 ipsa
745 923 970 954 celebratione
1007 923 1171 954 dictorum
1209 922 1400 953 divinorum
1439 921 1626 952 officiorum
1663 921 1885 952 convenendo
1923 929 1958 952 se

138 993 212 1015 cum
239 985 303 1025 ipsi
330 985 478 1016 dominis
503 985 686 1022 canonicis,
713 985 764 1016 vel
791 985 855 1016 alia
881 984 1031 1016 fatiendo
1050 985 1148 1016 tacite
1167 984 1218 1015 vel
1238 992 1436 1024 expresse...
1455 983 1546 1023 quod
1567 983 1598 1014 id
1618 983 1735 1014 facturi
1755 984 1832 1014 sunt
1851 984 1960 1023 preter

139 1048 170 1078 et
194 1049 308 1078 contra
336 1047 475 1078 liberam
502 1049 646 1078 mentem
672 1049 703 1078 et
729 1047 969 1079 voluntatem...
996 1049 1027 1078 et
1052 1047 1093 1078 ad
1120 1046 1277 1077 evitanda
1305 1046 1429 1077 maiora
1456 1045 1617 1077 scandala
1644 1054 1708 1085 que
1734 1045 1855 1076 exoriri
1882 1053 1962 1085 pos-

139 1110 213 1140 sent
238 1110 269 1140 et
296 1109 609 1140 murmurationes...
636 1110 667 1140 in
695 1109 822 1150 populo
848 1118 885 1140 ac
913 1112 1000 1140 metu
1020 1118 1104 1150 pene
1130 1109 1231 1140 dictis
1269 1107 1373 1139 Priori
1400 1110 1430 1139 et
1457 1108 1628 1139 Fratribus
1654 1107 1889 1145 Heremitanis,
1927 1109 1960 1138 ut

140 1171 270 1209 dicitur,
295 1171 507 1209 comminate,
534 1171 608 1202 licet
633 1171 674 1202 de
700 1171 798 1204 facto,
826 1172 946 1202 virtute
973 1171 1183 1211 quarundam
1210 1172 1442 1211 pretensarum
1481 1170 1661 1201 litterarum
1689 1170 1854 1210 regiarum
1888 1170 1960 1201 sive

141 1233 340 1273 parlamenti
368 1234 447 1274 regii
474 1233 619 1265 ducatus
647 1233 831 1264 Mediolani
858 1231 909 1273 (l)
936 1234 1185 1274 impetratarum
1213 1234 1243 1264 et
1269 1234 1534 1273 presentatarum
1562 1241 1621 1273 per
1647 1232 1741 1272 ipsos
1767 1230 1960 1264 Canonicos

140 1304 200 1327 seu
227 1296 269 1327 ad
300 1304 413 1327 eorum
441 1296 646 1334 instantiam,
674 1297 920 1336 quoquomodo
946 1297 1110 1327 contraire
1137 1305 1201 1327 non
1228 1296 1362 1327 audent.
1394 1294 1672 1335 Protestatusque
1710 1297 1760 1326 est
1797 1296 1961 1335 protesta-

141 1360 260 1399 turque
297 1359 407 1390 dictus
445 1358 604 1389 dominus
645 1358 868 1390 Provincialis
909 1359 949 1389 de
991 1359 1147 1390 habendo
1189 1358 1370 1399 superinde
1411 1366 1617 1389 recursum...
1651 1359 1748 1398 prout
1773 1357 1962 1397 expediens

142 1420 249 1452 fuerit.
276 1420 325 1452 De
352 1421 477 1461 quibus
515 1421 684 1458 omnibus,
711 1423 771 1452 etc.
798 1421 1025 1461 presentibus,
1051 1423 1112 1452 etc.
1140 1421 1216 1452 inde
1242 1421 1396 1452 testibus.

953 1595 1144 1636 DCCX.

232 1706 284 1734 La
310 1704 493 1733 Comunita
520 1705 555 1733 di
581 1706 616 1733 S.
644 1705 756 1733 Paolo
782 1704 895 1733 vende
920 1705 1000 1733 beni
1027 1705 1060 1733 in
1087 1705 1292 1741 Groppello.

808 1809 970 1841 1509,
999 1811 1224 1841 angosto,
1253 1809 1305 1834 8.

709 1898 786 1919 (Aren.
804 1898 884 1919 Notar.
901 1898 922 1918 di
940 1897 1010 1918 Pavia
1026 1909 1050 1911 —
1067 1898 1114 1918 Atti
1131 1898 1152 1918 di
1170 1897 1309 1918 Baldassare
1325 1898 1479 1924 Imperatori).

388 2108 461 2141 Dlx,
488 2105 657 2135 indicione
684 2103 753 2142 XV,
779 2104 833 2135 die
858 2104 878 2135 8
903 2105 1050 2145 augusti,
1077 2104 1157 2134 liora
1185 2112 1414 2143 vesperarum,
1441 2104 1471 2134 in
1499 2103 1652 2134 sacristia
1686 2102 1830 2134 ecclesie
1857 2102 1962 2133 sancti

380 2200 381 2213 ἵ
410 2165 516 2197 Paulli
543 2168 637 2198 extra
662 2168 693 2197 et
718 2175 823 2206 prope
850 2174 963 2197 muros
991 2165 1104 2206 Papie.

196 2077 340 2193 M

248 2264 253 2265 ⁷
499 2228 624 2269 lbique,
650 2231 709 2260 etc.
736 2227 955 2261 Reverendus
981 2228 1139 2259 dominus
1167 2227 1260 2259 Prior
1286 2229 1444 2259 dominus
1481 2227 1580 2259 irater
1617 2226 1814 2258 Defendens
1839 2227 1880 2258 de
1906 2227 1963 2258 Vi-

141 2292 268 2332 queria‚
294 2291 393 2322 frater
419 2290 625 2322 Benedictus
651 2291 691 2321 de
718 2290 812 2321 Nicia
839 2290 997 2327 vicarius,
1024 2290 1124 2322 frater
1151 2290 1326 2322 Barnabas
1352 2290 1392 2321 de
1420 2289 1595 2330 Pergamo,
1633 2289 1733 2321 trater
1770 2288 1962 2320 Antoninus

201 2449 229 2471 (l)
246 2448 328 2469 Diamo
344 2449 383 2474 qui
400 2454 429 2469 nn
445 2448 585 2469 documento
600 2448 764 2469 dell'Arcliivio
780 2448 816 2468 del
838 2448 922 2468 Museo
945 2447 1024 2468 Civico

143 2494 246 2517 (Latrere
261 2494 348 2519 (Ιιιεαὶί,
365 2499 437 2519 paceo
452 2494 481 2518 8),
497 2493 533 2513 dal
551 2493 618 2519 qunle
635 2493 715 2513 risulta
732 2494 772 2513 clue
788 2492 912 2513 l'Autorits'i
938 2492 1022 2513 Comu-

145 2538 195 2558 nale
210 2538 231 2558 di
249 2538 318 2559 Pavia
335 2544 379 2558 non
395 2544 433 2559 era
450 2538 580 2558 d'accordo
603 2537 765 2558 cull’autoritir
788 2537 888 2558 centrale
911 2536 1019 2561 riguardo

143 2582 296 2607 all'ingresso
312 2582 347 2603 dei
365 2583 498 2603 Luteranesi
515 2583 535 2602 in
552 2582 574 2602 S.
593 2582 684 2603 Pietro:

198 2626 396 2649 Reverendissime
413 2626 510 2647 Domine
526 2626 624 2647 Domine
639 2631 731 2651 semper
747 2625 955 2646 honorandissime.

145 2671 168 2692 ln
184 2673 268 2697 questo
290 2671 417 2692 Carnevale
440 2672 545 2697 proximo
567 2672 664 2696 passam
680 2671 693 2691 li
709 2670 818 2691 Canonici
834 2670 862 2691 dc
878 2670 899 2691 S.
919 2670 1023 2696 l-Ipiianio

144 2715 172 2736 de
188 2717 271 2741 questa
287 2715 343 2736 cina
359 2721 403 2736 una
419 2716 486 2736 noete
505 2721 560 2741 pare
582 2715 706 2736 intrassino
723 2715 743 2735 in
760 2715 781 2735 lo
798 2715 939 2735 monasterio
954 2715 982 2735 de
998 2715 1018 2735 la

144 2761 242 2781 ccclesia
256 2760 283 2781 de
299 2759 321 2781 S.
339 2759 416 2781 Pietro
432 2760 453 2780 in
469 2760 533 2781 Cello
549 2759 625 2780 Aureo
641 2759 668 2780 de
684 2760 703 2780 ln
721 2759 919 2780 Reverendissiina
942 2760 1021 2779 vostra

143 2804 248 2831 Signoria
264 2806 286 2826 et
302 2805 315 2825 li
332 2805 421 2825 monaci
438 2805 499 2830 quali
515 2810 585 2825 erano
601 2805 622 2824 in
638 2804 701 2825 dicto
726 2804 868 2824 monasterio
890 2804 910 2824 ln
933 2804 1018 2824 matina

144 2849 180 2871 del
194 2850 275 2875 giorno
290 2851 402 2875 seguente
417 2854 442 2870 se
457 2849 607 2870 absentorno.
625 2849 639 2869 11
655 2849 696 2870 clie
712 2848 750 2875 toy
765 2848 851 2875 grande
862 2848 1018 2869 admiracione

142 2894 172 2915 ad
189 2895 249 2915 tutta
266 2895 349 2920 questa
364 2893 429 2919 cirta,
445 2895 467 2914 et
484 2899 511 2914 ne
526 2899 621 2914 sucesse
639 2893 793 2919 grandissima
815 2893 967 2914 altercatione
983 2894 1017 2913 tra

143 2938 189 2959 essi
206 2938 295 2959 monaci
311 2939 333 2958 et
349 2938 362 2958 li
379 2937 497 2958 reverendi
514 2937 581 2958 Padri
597 2937 649 2958 frati
666 2937 694 2958 de
709 2937 789 2958 ordine
805 2937 841 2958 del
857 2937 1017 2957 sacratissimo

142 2988 215 3008 corpo
230 2982 252 3003 di
268 2982 290 3003 S.
307 2982 452 3008 Augustino:
468 2982 489 3002 la
505 2982 573 3008 quale
588 2982 740 3003 altercatione
755 2987 847 3007 sempre
862 2981 874 3002 e
890 2981 972 3002 durata
995 2982 1017 3002 et

141 3028 242 3048 anchora
258 3027 315 3048 dura
331 3028 353 3048 et
364 3027 375 3048 ὲ
392 3032 432 3053 per
447 3027 538 3052 seguire
547 3027 702 3053 grandissimo
710 3026 822 3048 scandolo
837 3032 861 3047 se
877 3027 897 3047 la
909 3026 1021 3048 Reveren—

142 3071 237 3092 dissirna
253 3072 332 3092 vostra
348 3070 453 3097 Signoria
469 3076 514 3092 non
529 3071 542 3091 li
559 3071 661 3096 provede
676 3072 698 3092 et
715 3077 759 3091 non
775 3071 834 3092 sollo
849 3072 884 3092 tra
907 3071 956 3091 loro
972 3070 1021 3091 reli-

140 3116 211 3142 gioxi,
227 3121 263 3137 ma
278 3115 408 3136 dubitiarno
424 3120 451 3136 ne
467 3120 583 3141 prosegua
598 3115 699 3136 anchora
715 3120 756 3141 per
771 3115 820 3136 loro
843 3120 914 3136 causa
935 3116 970 3135 tra
992 3115 1013 3141 ly

1079 2448 1185 2468 seculari.
1203 2447 1288 2468 Percli'e
1307 2447 1343 2472 gia
1360 2447 1405 2467 essi
1423 2447 1511 2467 monaci
1528 2446 1581 2467 iano
1598 2446 1651 2467 tnlle
1670 2446 1866 2467 dimonstracione
1889 2452 1957 2467 verso

1076 2492 1131 2512 certi
1149 2492 1254 2517 povnreti
1272 2491 1366 2512 tictnbili
1383 2491 1468 2511 d'esso
1492 2491 1634 2511 monasterio
1657 2491 1678 2511 in
1703 2491 1782 2511 volerli
1806 2492 1856 2511 tore
1880 2491 1958 2516 quello

1075 2536 1115 2556 elie
1133 2541 1183 2562 may
1199 2542 1243 2556 non
1259 2536 1412 2561 acquistorno
1428 2536 1468 2556 elie
1485 2536 1627 2556 certamente
1644 2541 1670 2556 ne
1688 2535 1791 2560 pigliaria
1803 2535 1838 2555 ala
1851 2535 1955 2559 signoria

1073 2581 1157 2601 vostra
1174 2580 1327 2605 grandissima
1344 2580 1508 2605 compassione
1524 2582 1546 2600 et
1563 2586 1602 2605 per
1619 2580 1637 2600 la
1655 2580 1714 2600 lama
1731 2581 1780 2600 loro
1792 2586 1818 2600 ne
1831 2580 1957 2605 prendcmo

1078 2625 1164 2649 grande
1179 2625 1325 2645 dubitatione
1342 2624 1369 2645 de
1385 2624 1432 2645 tare
1449 2625 1517 2651 pegio
1536 2625 1556 2645 in
1579 2625 1601 2645 lo
1623 2625 1741 2645 advenire.
1766 2625 1794 2645 Le
1811 2625 1872 2650 quali
1889 2631 1956 2645 cossc

1079 2672 1139 2690 tutte
1151 2676 1195 2690 non
1212 2670 1331 2695 possi-vno
1344 2675 1441 2695 pelis-'tre
1453 2670 1480 2690 ne
1492 2670 1585 2690 credere
1596 2670 1662 2690 siano
1672 2670 1784 2690 demente
1794 2670 1821 2689 de
1831 2670 1851 2690 la
1862 2669 1885 2691 R.
1897 2670 1922 2690 V.
1932 2669 1953 2690 S.

1074 2715 1094 2735 la
1111 2715 1179 2740 quale
1204 2715 1320 2735 liumilitcr
1335 2716 1357 2735 et
1374 2714 1526 2735 devotissime
1549 2715 1676 2739 pregliamo
1699 2716 1721 2734 et
1744 2714 1890 2739 supplicamo
1916 2720 1955 2739 per

1077 2762 1165 2784 quanto
1180 2764 1259 2779 amore
1280 2760 1347 2784 porta
1362 2758 1383 2778 al
1399 2758 1569 2783 gloriosissimo
1581 2764 1652 2784 corpo
1669 2758 1690 2778 di
1706 2758 1728 2779 S.
1742 2758 1872 2783 Augustino
1888 2760 1909 2778 ct
1925 2758 1955 2779 ad

1075 2806 1158 2829 questa
1174 2802 1230 2823 cum
1246 2808 1270 2823 se
1287 2803 1353 2828 degni
1371 2802 1419 2823 larli
1436 2803 1512 2828 quella
1529 2802 1607 2823 debita
1628 2803 1758 2823 neccssaria
1779 2803 1914 2828 provixiune
1930 2808 1954 2823 se

1074 2847 1164 2868 ricliede
1179 2847 1208 2868 ad
1225 2848 1290 2868 tanto
1306 2852 1361 2868 caso
1376 2848 1398 2868 et
1414 2847 1462 2867 tare
1478 2847 1519 2868 che
1535 2847 1589 2868 dicti
1605 2847 1714 2868 Canonici
1737 2847 1855 2867 ritoruano
1871 2847 1891 2867 al
1909 2853 1955 2867 ino-

1073 2893 1175 2913 nasterio
1191 2898 1234 2913 suo
1250 2892 1277 2912 de
1293 2893 1362 2912 santo
1384 2892 1498 2917 Epiltanio
1513 2892 1534 2912 al
1551 2892 1619 2917 quale
1637 2893 1713 2912 hanno
1725 2892 1865 2912 lionorevole
1881 2893 1953 2916 stare,

1073 2937 1155 2962 perche
1166 2942 1178 2957 a
1195 2937 1244 2957 loro
1260 2936 1335 2956 dehba
1352 2936 1445 2956 bastare
1468 2936 1538 2957 naver
1561 2941 1605 2956 una
1628 2936 1767 2956 ressideutia
1784 2935 1805 2956 in
1822 2936 1841 2955 {a
1858 2935 1913 2956 cittii
1930 2937 1951 2956 et

1074 2987 1118 3002 nun
1135 2981 1220 3001 vollerc
1230 2981 1358 3001 absorbere
1374 2980 1394 3001 la
1411 2980 1519 3006 portione
1530 2980 1558 3001 de
1569 2980 1583 3000 li
1594 2980 1646 3001 altri
1659 2982 1681 3000 et
1693 2980 1734 3000 elic
1746 2980 1759 3000 li
1771 2980 1836 3005 primi
1849 2980 1951 3000 canonici

1076 3026 1194 3046 ritornano
1209 3025 1230 3045 al
1246 3024 1314 3045 luoco
1329 3030 1385 3045 suo:
1402 3024 1415 3044 il
1431 3025 1472 3045 che
1488 3023 1586 3045 iacendo
1608 3029 1674 3045 corne
1696 3030 1804 3050 speramo
1826 3023 1952 3044 succedcra

1075 3070 1097 3090 in
1113 3069 1268 3095 grandissimo
1284 3069 1370 3089 honore
1385 3068 1421 3089 ala
1438 3068 1638 3090 Rcvereudissima
1655 3067 1760 3093 Signoria
1783 3067 1876 3093 Vostra,
1892 3069 1952 3088 tran-

1069 3113 1159 3140 quinita
1175 3113 1203 3134 de
1219 3112 1371 3134 ecclesiastici
1388 3114 1411 3134 et
1427 3112 1525 3133 seculari
1541 3114 1564 3133 et
1580 3112 1601 3133 in
1618 3112 1725 3138 generale
1740 3112 1769 3132 ad
1786 3113 1847 3132 tutta
1867 3114 1950 3137 questa
