2305 3407
254 224 314 255 126

336 356 413 388 item
441 356 514 396 ipse
541 354 580 386 D.
607 354 764 386 Testator
802 354 882 389 vuit,
922 354 1023 389 iubet,
1061 352 1224 392 disponit,
1267 352 1402 383 mandat
1428 353 1458 382 et
1485 351 1617 382 ordinat
1643 350 1734 390 quod
1761 350 1964 390 infrascripti
1991 351 2065 382 eius

247 419 410 450 haeredes
437 417 648 448 universales
667 417 733 447 ullo
754 424 901 455 unquam
922 415 1033 446 futuro
1051 417 1201 454 tempore
1220 423 1285 444 non
1306 414 1438 454 possint
1457 413 1616 444 devenire
1635 421 1710 443 curn
1730 411 1891 452 praefatis
1909 410 1981 443 DD.
2000 411 2066 443 fra-

246 481 352 511 tribus
378 478 409 511 S.
438 478 531 510 Pauli
559 479 600 510 ad
627 478 761 518 aliquas
786 477 1055 517 compositiones
1077 485 1137 516 pro
1156 476 1338 515 praedictis
1364 474 1523 505 omnibus
1537 474 1696 514 capitulis
1722 473 1883 514 praefatis
1909 472 1982 505 DD.
2000 473 2065 504 fra-

245 542 351 573 tribus
377 541 622 582 spectantibus,
649 549 707 571 nec
733 540 848 579 aliquo
875 539 1036 579 ipsorum.
1063 546 1163 578 quam
1189 537 1469 577 compositionem
1497 537 1570 577 ipse
1596 535 1634 567 D.
1662 536 1819 567 Testator
1838 536 2009 576 prohibuit
2035 541 2064 567 et

245 604 411 644 prohibet.
439 604 504 634 imo
532 603 601 634 vult
629 602 800 642 praedicta
827 601 939 632 omnia
966 604 995 632 et
1022 600 1170 640 capitula
1196 600 1238 631 ad
1266 608 1411 639 unguem
1439 599 1615 639 adimpleri
1642 599 1764 629 debere
1769 624 1820 629 .....

335 666 404 706 Ego
435 665 632 696 Laurentius
659 665 699 695 de
726 662 927 696 Canevariis
953 663 1042 694 filius
1067 662 1238 702 quondam
1259 661 1298 693 D.
1325 661 1573 693 Bartiioiomaei
1593 661 1750 701 publicus
1777 661 1951 701 papiensis
1977 660 2067 700 Apo-

245 729 363 760 stolica
389 732 419 759 et
447 727 610 767 imperiali
638 726 897 758 auctoritatibus
924 725 1075 756 notarius
1100 727 1161 756 etc.

1002 925 1265 966 Dccxcv
1279 925 1314 964 1.

332 1047 359 1075 11
387 1046 549 1082 Capitolo
576 1046 610 1074 di
638 1046 672 1074 S.
700 1045 868 1073 Mostiola
893 1044 1024 1080 prende
1051 1044 1175 1072 alcun‘e
1201 1044 1457 1072 deliber-azioni
1484 1043 1795 1071 amministrative.

863 1176 1002 1200 1523
1013 1190 1027 1207 9
1059 1175 1325 1200 febl)1·zlio
1336 1190 1350 1206 ‚
1382 1175 1418 1198 4
1429 1188 1442 1199 ο

795 1275 871 1297 (Αι-εῐιΔ
890 1274 969 1294 Νοίειῑ.
987 1273 1007 1293 di
1026 1273 1103 1293 Pavia.
1120 1284 1143 1286 >-
1161 1273 1207 1293 Atti
1225 1273 1246 1292 di
1263 1272 1382 1293 Sinibaldo
1399 1273 1503 1293 l‘errari).

294 1467 446 1583 M
490 1487 612 1520 Dxxm,
639 1483 692 1514 die
719 1485 838 1522 quarto
864 1481 1035 1517 februarii.
1064 1482 1094 1512 in
1122 1482 1286 1522 vesperis,
1313 1481 1344 1511 in
1373 1480 1577 1512 monasterio
1614 1482 1728 1511 sancte
1761 1479 1923 1511 Mustioie
1949 1478 2063 1520 Papie.

511 1544 729 1577 Reverendus
755 1545 914 1575 dominus
940 1544 1099 1584 magister
1126 1542 1244 1574 Petrus
1270 1543 1311 1574 de
1336 1542 1488 1575 Caneliis
1530 1542 1633 1579 Prior,
1675 1552 1743 1573 rev.
1781 1543 1940 1573 dominus
1965 1541 2064 1573 frater

511 1606 720 1637 Octavianus
745 1606 785 1637 de
813 1605 1086 1643 Vicecomitibus‚
1114 1615 1180 1636 rev.
1207 1606 1366 1637 dominus
1391 1605 1492 1637 frater
1525 1605 1592 1636 1011.
1622 1604 1787 1637 Antonius
1812 1605 1853 1636 de
1879 1603 2063 1642 Quartinis.

242 1668 341 1699 frater
368 1668 571 1708 Apollonius
597 1669 637 1699 de
664 1668 929 1709 Ariglionibus...
969 1667 1136 1699 Iohannes
1173 1666 1342 1708 Georgius
1369 1668 1410 1699 de
1437 1667 1543 1704 Bittis,
1569 1668 1658 1699 filius
1685 1668 1856 1708 quondam
1884 1666 2065 1704 Gabrieiis.

242 1730 345 1761 donat
386 1739 445 1761 seu
489 1731 604 1761 vendit
646 1730 771 1761 sachos
795 1731 816 1761 8
841 1729 995 1760 frumenti
1038 1738 1126 1769 quos
1168 1730 1290 1761 habere
1332 1730 1431 1761 debet
1456 1739 1474 1761 a
1502 1729 1600 1761 Petro
1626 1730 1666 1761 de
1693 1728 1852 1761 Sarachis
1893 1731 2063 1770 quondam

242 1792 378 1833 Georgii
405 1797 435 1824 et
461 1793 608 1824 florenos
634 1794 707 1824 21...
735 1792 879 1824 Testes:
907 1792 1008 1823 frater
1034 1791 1145 1823 David
1173 1793 1213 1823 de
1240 1792 1399 1830 Artaldis,
1426 1794 1486 1823 etc.

331 1854 392 1886 Die
419 1858 450 1886 et
477 1856 557 1886 hora
585 1855 839 1895 suprascriptis.

332 1916 430 1948 Facta
457 1917 518 1948 fuit
546 1926 604 1957 per
629 1916 794 1956 prefatum
833 1917 1006 1947 dominum
1046 1915 1194 1947 Priorem
1221 1919 1251 1948 et
1279 1916 1408 1948 Fratres
1447 1916 1578 1957 prefato
1605 1917 1743 1947 domino
1769 1916 1858 1947 tratri
1887 1915 1997 1947 David
2024 1917 2064 1948 de

245 1978 390 2009 Artaldis
416 1979 606 2009 cessionem
634 1981 665 2009 et
692 1979 980 2009 renunciationem
1007 1978 1047 2009 de
1073 1979 1175 2009 domo
1191 1988 1266 2012 una.
1294 1988 1358 2019 que
1384 1981 1514 2010 tenetur
1540 1979 1570 2009 in
1599 1979 1844 2018 presentiarum
1865 1987 1922 2018 pei·
1939 1979 2064 2010 dictum

244 2041 375 2072 tratrem
404 2040 513 2072 David
541 2044 571 2072 et
597 2042 709 2072 onmia
736 2041 806 2072 iura
834 2041 944 2081 ipsius
970 2041 1176 2072 monasterii.
1717 2039 1720 2042 ’

334 2103 395 2134 Die
421 2107 451 2134 et
479 2104 560 2135 hora
587 2104 842 2144 suprascriptis.

333 2165 454 2196 Factus
481 2165 541 2196 fuit
567 2166 718 2197 calculus
745 2175 802 2206 per
828 2169 858 2197 et
886 2167 969 2197 inter
994 2168 1134 2206 agentes
1161 2167 1295 2197 nomine
1311 2165 1429 2206 prefati
1445 2165 1639 2197 monasterii
1656 2167 1749 2206 parte
1769 2173 1832 2196 una
1851 2167 1882 2196 et
1900 2164 2065 2205 prefatum

244 2229 416 2258 dominum
456 2229 652 2268 magistrum
693 2228 825 2259 Petrum
865 2231 958 2268 parte
995 2229 1109 2266 altera,
1136 2229 1178 2259 ab
1205 2229 1305 2259 hodie
1331 2230 1427 2259 retro.
1455 2228 1486 2259 ln
1512 2228 1642 2259 calculo
1667 2228 1792 2258 dictum
1827 2227 2066 2258 monasterium

243 2291 428 2330 comparuit
455 2291 587 2321 debitor
613 2291 690 2321 dicti
719 2291 846 2321 domini
867 2290 954 2322 Petri
990 2291 1029 2321 de
1060 2291 1154 2322 libris
1173 2293 1453 2330 quatuorcentum
1481 2290 1673 2330 quindecim
1693 2289 1950 2330 imperialibus:
1976 2292 2065 2321 etex

245 2361 330 2383 nunc
357 2353 533 2392 assignant
561 2353 740 2384 fictabiieni
769 2351 943 2384 Sicoinarii
983 2362 1163 2393 usquequo
1201 2352 1299 2384 fuerit
1326 2353 1453 2393 integre
1479 2351 1675 2384 satisfactus
1701 2355 1731 2382 et
1757 2361 1832 2383 eum
1858 2352 2068 2383 constituunt

246 2419 495 2453 procuratorem
523 2416 565 2446 ad
593 2415 822 2455 recipiendum
849 2416 959 2446 dictas
987 2416 1160 2455 pecunias,
1202 2416 1300 2446 etiam
1332 2415 1469 2454 quando
1497 2424 1561 2445 non
1589 2415 1802 2446 intervenerit
1843 2414 1985 2445 actualis
2011 2422 2069 2444 no-

248 2476 404 2510 minacio,
431 2480 494 2507 etc.
