2305 3407
945 324 1381 365 DCCCLXXXV.

340 434 586 471 Disposizioni
612 435 880 463 testamentarie
907 434 963 462 del
989 434 1107 462 nobile
1133 434 1224 462 Gian
1250 433 1363 462 Maria
1390 433 1588 469 Mangiaria
1608 441 1627 461 a
1646 433 1766 461 favore
1785 432 1820 461 di
1838 433 1874 461 S.
1894 433 2072 462 Mostiola.

890 557 1005 581 1541
1015 558 1028 579 )
1039 571 1052 585 ,
1083 557 1288 587 agg-osto
1299 571 1312 585 ,
1342 558 1400 581 ιι.

773 646 843 667 (Arcli
876 645 956 665 Noton
975 645 996 665 di
1014 644 1092 665 Parin.
1116 656 1140 657 j
1157 644 1205 665 Atti
1223 644 1245 664 di
1262 644 1319 664 Gian
1337 643 1414 664 Piet‘o
1430 644 1546 669 Appiani)

322 831 445 947 N
501 848 589 874 ELLA
616 852 696 874 casa
723 843 775 874 dcl
799 844 922 880 notaio,
949 844 980 874 itt
1006 842 1206 874 I'nrroccllia
1232 843 1266 874 cli
1291 841 1322 874 S.
1352 841 1490 881 Giorgm
1515 842 1546 872 1'11
1573 841 1763 873 Fornarolo.
1788 841 1996 872 Testamento
2022 840 2076 872 del

522 905 630 936 nobile
659 904 745 937 Gran
771 905 879 935 Maria
905 905 1106 943 Mangi‘nri'a,
1133 904 1187 935 del
1203 903 1244 944 fu
1271 903 1388 941 ΡαοΙο,
1414 904 1467 935 nel
1490 904 1588 944 ‹Juule
1613 904 1746 934 ordinat
1780 904 1872 944 quod
1899 904 2075 935 eveniente

388 1005 423 1006 j
522 977 601 999 casn
629 973 659 1000 et
687 969 740 999 die
766 968 882 999 obitus
908 968 971 1003 sui,
999 968 1146 998 cadaver
1171 976 1268 998 suum
1296 968 1481 1007 sepeliatur
1506 970 1537 998 et
1563 967 1698 1007 sepeliri
1727 966 1849 998 debeat
1876 967 1905 997 in
1933 966 2076 998 ecclesia

252 1036 368 1064 sancte
396 1031 582 1068 inustione,
609 1031 639 1062 in
668 1032 884 1061 monumento
911 1039 974 1061 suo
999 1032 1029 1060 et
1057 1031 1087 1060 in
1115 1038 1183 1069 quo
1210 1032 1299 1060 stant
1326 1030 1504 1061 recollecta
1538 1029 1706 1060 cadavera
1721 1031 1986 1060 antecessorum.
2012 1027 2075 1061 Cui

253 1095 387 1135 quidem
416 1094 567 1125 Ecclesie
593 1096 623 1124 et
649 1093 809 1124 fratribus
850 1102 888 1123 ac
926 1093 1106 1123 conventui
1134 1092 1225 1123 dedit
1252 1094 1281 1122 et
1308 1092 1466 1132 legavit...
1494 1092 1597 1122 libras
1630 1092 1844 1131 quatraginta
1874 1091 2076 1131 imperiales,

251 1157 394 1197 singulis
421 1157 519 1187 alniis
545 1156 608 1187 sibi
637 1156 769 1186 dandas
795 1157 825 1186 et
851 1154 1036 1186 solvendas
1063 1164 1153 1194 per...
1181 1154 1322 1185 ltere-des
1348 1163 1429 1185 suos
1456 1154 1666 1185 universales
1684 1154 1714 1184 in
1735 1154 1787 1184 die
1806 1153 1861 1185 tali
1881 1163 1946 1194 qua
1966 1154 2076 1194 ipsum

252 1220 425 1250 dominnm
452 1220 645 1249 testatorem
673 1218 828 1258 emigrari
855 1218 1079 1257 eontingerit3
1107 1225 1194 1257 quos
1221 1217 1357 1256 quidem
1400 1217 1559 1247 dominos
1599 1215 1747 1247 Priorem
1774 1218 1804 1247 et
1832 1215 1963 1247 Fratres
1989 1225 2076 1248 nunc

252 1284 282 1312 et
309 1282 339 1312 in
368 1281 514 1312 futurum
543 1290 601 1321 per
627 1283 778 1320 tempora
804 1280 1002 1317 existentes,
1029 1280 1183 1320 gravavit
1209 1282 1240 1310 et
1266 1282 1383 1319 gravat
1402 1279 1443 1310 ad
1462 1279 1699 1310 celebrandum
1716 1279 1879 1319 septimas
1897 1288 1972 1310 cum
1991 1282 2079 1310 tren-

251 1344 371 1375 tesimo
409 1343 621 1383 temporibus
658 1343 818 1382 congruis
844 1346 873 1373 et
901 1342 1011 1373 statim
1050 1342 1220 1373 deftnncto
1259 1343 1334 1382 ipso
1372 1342 1510 1372 domino
1548 1343 1716 1377 testatore,
1756 1343 1787 1372 et
1823 1341 2018 1372 successive
2045 1343 2079 1372 ut

251 1415 365 1446 supra,
393 1415 452 1446 pro
478 1406 589 1436 anima
615 1405 769 1436 eiusdem
806 1405 1038 1436 anniversaria
1065 1405 1216 1444 quinque
1255 1404 1399 1444 singulis
1437 1404 1535 1435 annis
1572 1413 1646 1434 cum
1686 1403 1801 1435 missis
1828 1403 2020 1443 quindecim
2046 1406 2078 1434 et

253 1469 356 1499 missa
384 1469 414 1499 in
442 1470 541 1499 cantu
570 1477 630 1508 pro
656 1468 767 1499 anima
795 1468 903 1507 ipsius
943 1467 1069 1498 domini
1112 1467 1294 1498 testatoris.
1322 1466 1398 1497 ltem
1425 1469 1456 1497 et
1481 1466 1545 1497 alia
1571 1466 1803 1497 anniversaria
1842 1466 1909 1496 duo
1935 1465 2080 1507 singulis

252 1532 350 1562 annis
376 1540 436 1571 pro
462 1532 573 1562 anima
600 1539 687 1561 nunc
715 1530 886 1570 quondam
914 1530 1048 1560 domine
1076 1529 1198 1562 Ursine
1224 1530 1264 1560 de
1291 1529 1491 1570 Mangiariis
1532 1529 1611 1560 olim
1653 1529 1780 1560 sororis
1806 1529 1916 1569 ipsius
1952 1529 2080 1559 domini

253 1594 424 1625 testatoris
450 1602 524 1624 cum
551 1593 689 1624 totidem
719 1593 834 1623 missis
861 1595 893 1623 ut
920 1601 1033 1632 supra.

940 1793 1025 1834 DC
1033 1793 1404 1833 CCLXXXVI.

344 1912 543 1940 Donazioni
570 1912 604 1940 di
631 1912 748 1940 alcuni
774 1911 947 1947 Religiosi
974 1911 1030 1940 del
1057 1911 1239 1940 Convento
1265 1911 1299 1940 di
1325 1912 1358 1940 S.
1385 1911 1569 1947 Agostino.

906 2034 1072 2065 15ιὲἱ()5
1107 2035 1333 2065 nge-sto,
1365 2033 1440 2058 19.

814 2131 881 2152 Arcti.
899 2131 980 2152 Notar.
996 2131 1018 2151 di
1035 2131 1105 2151 Pavia
1122 2142 1145 2144 -
1162 2131 1209 2151 Atti
1226 2130 1248 2151 di
1265 2130 1392 2156 Ambrogio
1408 2130 1502 2151 Beretta
1520 2147 1524 2151 .

322 2326 443 2442 N
500 2343 543 2370 ΕΙ.
570 2338 737 2371 convento
763 2339 797 2370 cii
821 2337 853 2371 S.
880 2338 1054 2378 Agostitzo.
1080 2337 1259 2369 Admzatisi
1281 2338 1306 2370 il
1330 2338 1539 2370 reverendus
1579 2346 1672 2369 sacre
1709 2337 1878 2378 theologie
1919 2337 2078 2378 magister

523 2400 642 2432 Petrus
667 2401 708 2432 de
734 2399 896 2439 Canellis‚
922 2401 1128 2432 reverendus
1155 2401 1370 2432 bachalarius
1395 2400 1495 2432 frater
1521 2400 1724 2432 Fortunatus
1749 2400 1790 2431 de
1809 2397 1952 2437 Cerano,
1977 2399 2078 2432 frater

372 2499 376 2500 ⁷
472 2498 485 2500 ⁴
522 2462 694 2495 Serafinus
721 2463 761 2494 de
788 2465 905 2494 sancto
932 2462 1072 2503 Angelo,
1100 2462 1256 2494 fraterlo.
1273 2462 1442 2494 Antonius
1457 2464 1498 2495 de
1512 2461 1675 2503 Gropello
1701 2465 1732 2494 et
1758 2462 1860 2494 frater
1877 2462 2076 2494 Laurentius

254 2526 294 2556 de
322 2524 440 2565 Papia,
466 2534 584 2556 omnes
622 2525 700 2556 dicti
743 2525 936 2556 monasterii
979 2526 1085 2556 saneti
1128 2524 1308 2565 Augustini
1350 2525 1407 2556 tilii
1434 2527 1465 2556 et
1492 2526 1523 2556 in
1549 2533 1589 2556 eo
1615 2524 1796 2565 professi...
1823 2525 1923 2555 certis
1963 2524 2077 2565 dignis

253 2587 368 2618 causis
393 2590 423 2618 et
450 2587 645 2618 racionibus
672 2587 763 2624 moti,
790 2589 820 2618 et
847 2587 1000 2618 volentes
1041 2588 1228 2618 secundum
1270 2596 1385 2618 eorum
1428 2587 1576 2627 regulam
1603 2588 1633 2618 et
1658 2586 1799 2617 formam
1841 2587 2075 2617 mandatorum

253 2648 354 2679 nichil
383 2649 509 2688 proprii
538 2649 694 2680 habere...
734 2649 870 2686 donant,
908 2649 1041 2687 cedunt,
1083 2649 1289 2681 transferunt
1314 2651 1345 2680 et
1371 2649 1451 2680 dant
1492 2648 1678 2680 reverendo
1704 2657 1797 2680 sacre
1823 2649 1992 2689 theologie
2017 2649 2078 2679 do-

256 2804 327 2825 tratcr
346 2804 377 2825 lo.
394 2805 539 2829 Augustinus
555 2805 584 2826 de
600 2805 702 2825 Arimino
718 2805 798 2829 lector,
815 2805 885 2826 trater
908 2805 1035 2831 Gregorius
1051 2805 1079 2826 de
1095 2805 1137 2826 Vc·
1192 2805 1220 2826 dc
1237 2804 1308 2831 Papia
1324 2806 1347 2825 ct
1362 2804 1433 2825 trater
1456 2804 1487 2825 lo.
1503 2804 1619 2825 Antonius
1633 2804 1662 2825 de
1677 2804 1812 2825 Mediolano
1834 2804 1992 2830 (cancellato),
2008 2804 2026 2825 si
2042 2804 2071 2825 da

256 2849 336 2870 ruculo
352 2849 463 2875 magister
478 2849 558 2875 studii,
574 2849 645 2870 trater
666 2849 829 2870 Bcrtolaineus
844 2850 941 2875 ispanus
956 2856 1046 2875 cursor,
1062 2849 1133 2870 trater
1189 2849 1326 2870 investitura
1342 2854 1355 2869 a
1372 2848 1490 2869 Lodovico
1515 2848 1575 2869 della
1599 2848 1682 2869 chiesa
1708 2848 1729 2868 di
1754 2848 1842 2869 Milano
1858 2848 1886 2869 ed
1901 2854 1914 2869 a
1929 2854 1971 2870 sua
1988 2849 2071 2875 moglie

255 2893 355 2914 Micliael
371 2893 399 2914 de
416 2893 495 2914 Padua
511 2899 600 2919 cursor,
616 2893 687 2915 trater
699 2894 828 2915 Alexander
837 2894 865 2915 de
875 2893 955 2915 Genua
967 2900 1055 2917 cursor,
1068 2894 1139 2915 trater
1194 2893 1277 2915 chiara
1294 2892 1383 2918 Pionni,
1399 2893 1421 2913 di
1440 2892 1476 2913 100
1491 2892 1596 2918 pertiche
1611 2892 1632 2913 di
1649 2894 1710 2913 terra
1726 2893 1747 2913 in
1764 2892 1886 2918 Casurate,
1909 2892 1945 2919 gia
1961 2893 2071 2914 investite

255 2937 355 2958 Horleus
371 2937 399 2958 de
415 2937 496 2963 Papia,
512 2937 583 2958 trater
599 2938 738 2959 Laurentius
754 2938 782 2959 dc
799 2937 879 2964 Papia,
902 2937 974 2959 trater
990 2937 1094 2964 Philinus
1110 2937 1138 2958 de
1192 2938 1214 2958 ai
1230 2937 1332 2958 consorti
1359 2936 1448 2962 Pionni,
1473 2942 1514 2963 per
1530 2936 1630 2958 l'aititto
1654 2942 1731 2958 annuo
1747 2936 1769 2958 di
1786 2937 1809 2958 L.
1825 2937 1845 2963 8,
1861 2937 1921 2959 soldi
1936 2937 1949 2958 6
1964 2942 1975 2958 c
1991 2937 2070 2958 denari

255 2980 399 3007 Mediolano,
415 2981 487 3002 irater
503 2981 589 3002 Paulus
600 2982 628 3003 de
640 2982 709 3003 lanua
728 2982 890 3007 scancetlarol,
905 2981 976 3003 frater
993 2982 1140 3003 Hieronimus
1194 2981 1207 3002 8
1222 2981 1343 3007 imperiali.

255 3024 282 3046 de
299 3025 402 3051 Maxino,
417 3025 489 3047 frater
504 3026 535 3047 lo.
552 3025 645 3047 Gabriel
661 3026 689 3047 de
705 3025 875 3052 Cremagnolta,
903 3026 974 3047 trater
993 3026 1140 3052 Augustinus
