2305 3407
249 185 293 216 46

246 317 348 348 clesia
375 316 481 348 sancti
510 315 597 347 Petri
626 316 656 346 in
682 314 767 346 cello
793 322 906 351 aureo,
932 313 1030 345 etiam
1058 312 1164 344 sancti
1192 311 1371 353 Augustini
1400 311 1524 342 iamdiu
1560 313 1763 351 nuncupata,
1789 312 1942 342 viventes
1968 311 2065 342 simul

245 383 276 410 et
303 380 333 410 in
360 379 521 410 societate
548 378 672 409 iamdiu
698 376 813 408 divina
839 376 951 407 officia
976 375 1145 407 celebrare
1171 374 1260 405 soliti
1287 374 1363 411 sint,
1391 374 1483 405 iuxta
1502 372 1642 404 formam
1661 375 1692 404 et
1710 376 1858 405 tenorem
1885 373 2065 404 litterarum

245 444 276 473 et
303 442 480 479 bullarum,
506 450 543 472 ac
570 440 822 481 privilegiorum
850 441 881 470 et
909 438 1112 470 indultorum
1139 437 1402 478 apostolicorum
1431 436 1614 476 superinde
1640 444 1892 474 concessorum,
1917 438 1949 467 et
1975 436 2068 468 iuxta

246 505 415 544 quandam
454 513 568 534 eorum
605 502 883 534 consuetudinem
919 501 1042 532 iamdiu
1082 501 1298 531 inveteratam
1337 502 1367 530 et
1405 499 1565 530 hactenus
1606 499 1832 530 observatam.
1873 498 2068 530 Novissime

244 569 354 597 autem
381 569 609 606 apparuerunt
637 564 839 604 infrascripti
868 563 1049 594 venerandi
1078 562 1237 603 Religiosi
1264 562 1390 592 domini
1417 560 1580 593 Canonici
1608 561 1759 592 eiusdem
1793 560 1933 593 Ordinis
1957 559 2069 593 Cano-

245 629 395 659 nicorum
423 628 636 669 regullarium
665 627 770 658 sancti
799 625 990 665 Augustini,
1028 625 1068 655 de
1106 624 1324 655 observantia
1361 626 1471 654 tamen
1509 621 1794 663 Congregationis
1821 623 2068 662 Lateranensis,

244 693 437 721 asserentes
463 698 549 721 sese.
575 698 689 720 eorum
718 687 912 718 nominibus
937 695 974 717 ac
1002 686 1135 717 nomine
1154 687 1185 717 et
1204 686 1276 717 vice
1303 686 1411 716 tocius
1437 683 1720 726 Congregationis
1747 685 1983 716 Lateranensis
1998 694 2071 726 pre-

245 753 324 784 dicti
351 751 491 784 Ordinis
518 750 766 783 Canonicorum
794 748 1008 789 reguilarium
1035 748 1076 779 de
1102 748 1331 785 observantia,
1359 748 1388 778 in
1417 748 1492 787 ipso
1519 748 1723 778 monasterio
1748 750 1779 778 et
1804 747 1941 779 abbatia
1959 748 2066 779 sancti

247 813 333 845 Petri
362 815 392 845 in
419 814 491 845 celo
517 822 620 845 aureo
648 813 721 843 loco
748 811 954 852 prefatorum
982 811 1195 841 dominorum
1229 808 1480 842 Canonicorum
1519 808 1744 849 Antiquorum
1771 810 1932 841 suffectos
1957 813 1987 842 et
2014 819 2070 842 su-

247 878 407 917 brogatos
433 884 518 913 esse,
544 878 575 906 et
601 884 659 906 seu
687 884 745 915 per
772 875 866 914 ipsos
892 874 1052 913 antiquos
1079 871 1273 905 Canonicos
1299 872 1446 903 dominis
1472 870 1657 904 Canonicis
1682 872 1769 903 dicte
1787 870 2070 913 Congregationis

246 939 481 970 Lateranensis
507 937 628 969 factam
656 937 763 968 fuisse
791 937 1071 977 ressignationem
1099 944 1159 966 seu
1187 935 1376 966 cessionem
1404 934 1444 965 de
1471 934 1743 974 quibuscumque
1770 934 1899 966 iuribus
1919 935 2068 975 ipsorum

246 999 493 1032 Canonicorum
521 1001 734 1039 antiquorum
763 999 826 1030 sibi
854 997 1112 1039 quomodolibet
1137 996 1408 1037 competentibus
1435 997 1464 1027 in
1492 997 1567 1036 ipso
1594 997 1797 1027 monasterio
1823 998 1854 1028 et
1879 997 2015 1028 abbatia
2033 1006 2071 1029 ac

245 1063 398 1099 ecclesia,
425 1071 483 1102 per
509 1063 766 1093 instrumentum
806 1062 914 1101 ipsius
940 1060 1108 1091 cessionis
1135 1062 1168 1090 ut
1194 1062 1349 1090 asserunt
1388 1061 1539 1098 rogatum
1568 1068 1625 1099 per
1650 1059 1822 1099 egregium
1861 1060 2069 1091 causidicum

245 1125 419 1155 dominum
448 1124 628 1155 Iohannem
657 1123 813 1155 Iacobum
840 1123 880 1154 de
907 1121 1108 1155 Canevariis
1141 1122 1307 1152 notarium
1335 1121 1506 1161 publicum
1534 1122 1742 1161 papiensem.
1771 1121 1809 1152 Et
1835 1122 1976 1161 proinde
2002 1122 2072 1154 vel-

245 1187 312 1218 lent
339 1187 481 1227 predicti
508 1187 634 1217 domini
663 1184 824 1217 Canonici
865 1186 952 1217 dicte
989 1183 1274 1225 Congregationis
1313 1183 1549 1214 Lateranensis
1576 1184 1649 1223 ipsa
1682 1183 1794 1214 officia
1821 1184 1935 1215 divina
1962 1185 1992 1215 in
2019 1193 2072 1216 ec-

245 1250 347 1280 clesia
375 1250 535 1289 predicta,
563 1250 593 1279 in
621 1249 695 1280 loco
732 1249 898 1280 dictorum
934 1246 1184 1279 Canonicorum
1210 1247 1436 1286 antiquorum,
1478 1245 1646 1276 celebrare
1672 1249 1702 1277 et
1728 1248 1861 1277 cantare
1899 1255 1964 1277 una
1997 1255 2069 1278 cum

246 1311 385 1352 prefatis
412 1311 614 1342 venerandis
642 1310 800 1342 Patribus
825 1311 974 1341 dominis
1001 1309 1115 1341 Priore
1153 1312 1185 1340 et
1223 1308 1394 1340 Fratribus
1433 1308 1680 1339 heremitarum.
1722 1306 1877 1348 Cumque
1915 1309 1979 1348 ipsi
2013 1310 2073 1340 do-

247 1374 324 1404 mini
353 1373 446 1405 Prior
472 1377 501 1405 et
530 1373 660 1405 Fratres
687 1373 880 1405 heremitam
918 1373 1163 1404 admirarentur
1200 1372 1240 1402 de
1278 1374 1342 1402 tarn
1381 1371 1554 1410 repentina
1589 1371 1806 1402 innovatione
1833 1373 1863 1402 et
1890 1371 2072 1402 mutatione

247 1437 452 1473 huiusmodi,
479 1445 538 1467 nec
566 1436 631 1467 illis
658 1438 827 1467 constaret
853 1435 894 1466 de
920 1435 988 1466 talli
1016 1437 1172 1475 pretensa
1188 1434 1343 1465 cessione
1370 1436 1400 1464 et
1427 1433 1673 1473 sessignatione
1700 1436 1798 1473 prout
1825 1433 1982 1464 dicebant
2007 1434 2071 1465 iam

245 1499 323 1529 dicti
351 1503 382 1530 et
409 1498 612 1538 infrascripti
640 1498 765 1529 domini
793 1497 888 1529 Prior
913 1500 944 1529 et
971 1496 1102 1528 Fratres
1129 1496 1482 1535 heremitani‚etipsis
1500 1495 1647 1526 dominis
1661 1493 1846 1527 Canonicis
1873 1495 2074 1527 Lateranen-

246 1561 343 1593 sibus
368 1561 649 1592 contradixistent
675 1563 705 1591 et
732 1561 969 1597 inhibuissent,
996 1568 1057 1591 nec
1082 1559 1150 1599 pati
1178 1558 1263 1589 velle
1291 1558 1483 1589 viderentur
1508 1566 1617 1598 usque
1644 1558 1674 1588 in
1702 1558 1944 1598 presentiarum
1979 1559 2074 1599 ipsos

248 1624 464 1655 venerandos
491 1622 608 1654 Patres
634 1623 793 1654 dominos
819 1621 1014 1655 Canonicos
1040 1621 1286 1653 Lateranenses
1311 1630 1385 1652 cum
1413 1621 1461 1652 eis
1487 1621 1668 1651 convenire
1695 1629 1755 1651 nec
1782 1621 1856 1660 ipsa
1881 1621 1997 1652 divina
2022 1620 2074 1652 of-

248 1687 322 1718 ficia
348 1688 379 1717 in
407 1687 481 1727 ipsa
507 1686 651 1718 ecclesia
678 1686 860 1724 celebrare,
888 1687 985 1726 prout
1011 1686 1152 1725 apparet
1178 1693 1218 1716 ex
1246 1683 1551 1724 protestationibus
1576 1683 1758 1723 superinde
1785 1683 1883 1714 factis
1902 1692 1961 1724 pro
1980 1685 2072 1724 parte

249 1750 398 1789 ipsorum
426 1749 637 1780 dominorum
666 1748 792 1780 Prioris
818 1750 848 1779 et
876 1748 1024 1779 Fratrum
1053 1747 1288 1779 heremitarum
1317 1746 1443 1787 rogatis
1470 1755 1528 1786 per
1555 1754 1605 1777 me
1632 1745 1812 1776 Iohannem
1846 1745 2071 1787 Augustinum

248 1812 289 1843 de
317 1811 500 1843 Morascho
527 1812 693 1842 notarium
721 1810 993 1851 infrascriptum;
1020 1812 1050 1841 et
1076 1810 1217 1850 proinde
1255 1809 1393 1840 suborta
1431 1811 1521 1840 esset
1559 1809 1642 1840 inter
1679 1810 1791 1848 partes
1825 1809 1919 1848 ipsas
1944 1811 2076 1840 contro-

250 1874 372 1911 versia,
398 1884 439 1905 ex
467 1883 533 1914 qua
559 1873 778 1905 dubitabatur
804 1882 843 1904 ne
869 1872 996 1913 alliqua
1022 1873 1205 1903 orrirentur
1230 1871 1390 1903 scandala
1417 1871 1601 1911 divinaque
1620 1870 1725 1901 offitia
1744 1879 1782 1901 ac
1800 1870 1911 1902 cultus
1936 1870 2074 1902 divinus

250 1936 358 1967 taliter
395 1936 538 1976 qualiter
574 1934 790 1967 defficerent:
818 1935 893 1966 hinc
919 1937 969 1965 est
1006 1934 1097 1975 quod
1136 1935 1167 1965 in
1207 1936 1397 1964 nostrorum
1433 1932 1590 1963 iohannis
1617 1931 1725 1963 iacobi
1753 1932 1793 1963 de
1819 1930 2019 1964 Canevariis
2045 1934 2076 1964 et

252 1997 411 2029 Iohannis
438 1997 618 2039 Augustini
647 1998 687 2029 de
715 1997 898 2028 Morascho
933 1997 1152 2033 notariorum,
1189 1996 1393 2035 testiumque
1432 1994 1722 2034 infrascriptorum
1761 1995 1942 2035 presentia,
1970 1994 2077 2027 Reve-

251 2061 375 2091 rendus
401 2061 560 2091 dominus
587 2060 746 2091 dominus
771 2058 973 2091 Desiderius
999 2059 1039 2089 de
1066 2058 1264 2089 Mediolano
1291 2066 1378 2089 unus
1404 2067 1445 2089 ex
1473 2058 1572 2089 dictis
1590 2056 1775 2089 Canonicis
1793 2057 2078 2089 Lateranensibus

253 2126 424 2162 tamquam
452 2123 581 2162 primus
607 2124 637 2153 et
665 2122 738 2153 loco
765 2123 898 2163 prioris,
927 2124 959 2153 ut
985 2121 1116 2158 asserit,
1143 2121 1326 2160 deputatus
1354 2120 1384 2151 in
1412 2121 1487 2160 ipso
1526 2119 1737 2151 Monasterio
1752 2122 1783 2150 et
1798 2118 1943 2150 Abbatia
1969 2120 2076 2150 sancti

254 2184 339 2216 Petri
368 2186 398 2215 in
425 2185 496 2216 celo
523 2194 624 2216 aureo
651 2184 767 2225 Papie,
793 2187 824 2216 et
849 2194 924 2216 cum
951 2193 991 2215 eo
1016 2186 1046 2215 et
1073 2192 1178 2223 penes
1203 2192 1277 2214 eum
1306 2182 1490 2215 Reverendi
1518 2185 1631 2223 patres
1657 2182 1783 2213 domini
1810 2182 1936 2212 domini
1964 2181 2080 2213 Hiero-

253 2256 375 2287 nymus
401 2247 442 2278 de
469 2246 602 2278 Bossiis
628 2247 668 2278 de
697 2247 906 2283 Mediolano,
944 2247 1116 2286 dompnus
1154 2244 1366 2286 Augustinus
1393 2246 1433 2276 de
1462 2244 1577 2286 Papia.
1604 2245 1775 2285 dompnus
1812 2243 2013 2275 Thimoteus
2038 2244 2079 2275 de

253 2308 432 2345 Cremona,
459 2309 629 2349 dompnus
656 2308 800 2340 Albinus
826 2309 866 2340 de
894 2309 1066 2345 Mortari0‚
1093 2308 1264 2348 dompnus
1292 2308 1504 2348 Epiphanius
1530 2307 1570 2338 de
1598 2306 1714 2347 Papia,
1733 2307 1902 2347 dompnus
1921 2305 2080 2339 Clemens

255 2371 294 2402 de
322 2370 438 2410 Papia,
465 2371 635 2411 dompnus
661 2370 878 2403 Cherubinus
905 2371 945 2402 de
973 2370 1088 2411 Papia,
1115 2370 1285 2410 dompnus
1313 2369 1528 2400 Hieronimus
1555 2369 1594 2400 de
1622 2368 1737 2409 Papia,
1764 2369 1934 2408 dompnus
1964 2368 2082 2399 lohan-

255 2442 314 2464 nes
356 2432 508 2473 Baptista
550 2433 736 2471 larinensis,
779 2433 949 2473 dompnus
992 2432 1141 2473 Angelus
1168 2432 1208 2463 de
1235 2432 1408 2468 Vercellis,
1450 2432 1619 2471 dompnus
1661 2430 1860 2462 Desiderius
1886 2431 1926 2462 de
1964 2429 2080 2470 Papia,

256 2496 426 2535 dompnus
468 2495 656 2526 Nicholaus
698 2496 738 2526 de
778 2494 894 2535 Papia,
935 2495 1107 2535 dompnus
1148 2493 1382 2535 Archangelus
1409 2494 1449 2524 de
1477 2493 1593 2534 Papia,
1635 2494 1806 2533 dompnus
1840 2492 2015 2524 Theofilus
2040 2492 2081 2523 de

259 2556 373 2597 Papia,
400 2557 572 2597 dompnus
598 2557 798 2589 Thimoteus
825 2557 865 2588 de
893 2557 1100 2593 Mediolano,
1127 2557 1298 2596 dompnus
1318 2555 1458 2587 Alexins
1484 2556 1524 2587 de
1552 2555 1667 2596 Papia,
1686 2556 1856 2595 dompnus
1890 2554 2083 2586 Bernardus

258 2620 298 2650 de
326 2618 441 2659 Papia,
468 2623 499 2650 ct
526 2620 698 2660 dompnus
725 2619 908 2651 Dionixius
935 2620 975 2650 de
1003 2619 1211 2655 Mediolano,
1253 2628 1371 2650 omnes
1408 2617 1571 2650 Canonici
1611 2618 1755 2658 professi
1784 2620 1817 2649 ut
1842 2620 1998 2649 asserunt
2022 2616 2084 2649 Or-

257 2682 348 2712 dinis
374 2680 626 2713 Canonicorum
654 2682 854 2722 regularium
882 2682 988 2713 sancti
1016 2681 1196 2721 Augustini
1224 2681 1264 2712 de
1291 2681 1509 2712 observantia
1536 2679 1822 2721 Congregationis
1848 2679 2084 2711 Lateranensis

259 2748 290 2774 et
317 2744 563 2783 presentialiter
589 2744 776 2775 residentes
803 2747 835 2774 ut
861 2747 1018 2775 asserunt
1045 2744 1074 2774 in
1103 2743 1252 2783 prefacto
1279 2743 1490 2774 Monasterio
1508 2745 1538 2774 et
1566 2742 1710 2784 Abbatia
1729 2743 1834 2773 sancti
1854 2741 1941 2773 Petri
1961 2742 1992 2772 in
2011 2741 2084 2772 celo

259 2814 360 2836 aureo
388 2804 503 2846 Papie,
531 2806 560 2836 in
589 2806 696 2836 locum
725 2805 928 2845 prefatorum
956 2804 1082 2836 l'rioris
1107 2807 1137 2835 et
1163 2803 1411 2836 Canonicorum
1438 2805 1664 2844 antiquorum,
1691 2804 1814 2835 ibidem
1830 2803 1873 2834 ab
1899 2812 1965 2834 uno
1984 2803 2084 2834 latere

260 2868 350 2899 chori
379 2868 443 2898 iam
470 2868 558 2899 dicte
584 2868 726 2899 ecclesie
752 2867 982 2908 capitulariter
1007 2867 1185 2898 convocati
1212 2869 1242 2897 et
1269 2867 1474 2907 congregati,
1501 2875 1586 2898 sono
1611 2865 1821 2906 campanelle
1848 2865 2025 2905 premisso,
2051 2866 2085 2896 ut

263 2930 366 2961 moris
391 2932 452 2966 est,
479 2930 519 2961 de
547 2929 706 2961 mandato
743 2929 882 2970 predicti
921 2929 1059 2969 dompni
1099 2927 1266 2960 Desiderii
1294 2929 1390 2969 primi
1417 2937 1457 2960 ex
1485 2928 1584 2959 dictis
1609 2925 1794 2960 Canonicis
1818 2929 1849 2958 et
1875 2935 1935 2967 pro
1961 2927 2085 2958 maiore

260 2991 415 3031 deputati
444 2992 475 3022 in
503 2992 579 3032 ipso
605 2991 817 3023 Monasterio
843 2992 950 3023 sancti
977 2990 1066 3022 Petri
1094 2991 1125 3022 in
1152 2990 1225 3022 celo
1250 2999 1352 3022 aureo
1378 2990 1540 3030 predictO,
1566 2989 1729 3021 facientes
1753 2991 1784 3020 et
1803 2990 2085 3029 representantes,

264 3056 296 3085 et
323 3054 380 3094 qui
408 3056 486 3085 sunt
511 3053 638 3085 faciunt
663 3056 693 3084 et
720 3055 963 3094 representant,
990 3055 1023 3084 ut
1049 3054 1218 3091 asserunt,
1245 3053 1403 3084 maiorem
1429 3054 1460 3083 et
1485 3051 1654 3083 saniorem
1685 3053 1823 3091 partem,
1848 3053 1880 3082 et
1905 3050 2086 3091 plusquam
