2305 3407
230 174 273 204 64

227 306 403 337 recedendi
430 306 472 336 ab
498 314 611 336 eorum
638 304 850 335 dominorum
878 303 1027 334 Fratrum
1054 305 1083 333 et
1109 300 1309 334 Conventus
1336 301 1476 335 iuribus,
1502 299 1728 331 actionibus...
1748 307 1807 329 nec
1835 297 1920 338 Ipsis
1939 297 2050 337 preiu-

227 368 362 399 dicandi
390 376 449 398 nec
475 367 566 407 quod
593 376 633 397 ex
662 366 747 406 ipsis
772 366 912 397 assertis
938 364 1222 396 conventionibus
1249 363 1387 403 aliquod
1422 363 1474 393 ius
1511 362 1637 394 eisdem
1676 361 1823 392 dominis
1863 359 2048 392 Canonicis

226 431 443 470 aquiratur....
469 429 568 460 etiam
595 429 622 460 si
649 428 828 459 devenient
866 436 924 459 seu
963 427 1138 467 contigerit
1176 426 1336 457 devenire
1373 425 1415 456 ad
1455 425 1607 456 effectum
1634 427 1665 455 et
1691 426 1853 455 assertam
1888 423 2051 454 observa-

226 492 356 523 cionem
384 492 533 532 ipsarum
560 491 852 527 convencionum;
891 493 920 521 et
958 490 1052 520 aliter
1088 492 1118 520 et
1155 489 1222 520 alio
1260 488 1360 519 modo
1386 488 1428 519 ad
1456 488 1550 527 ipsas
1586 488 1831 519 conventiones
1858 496 1923 518 non
1949 488 2051 519 deve-

227 555 354 586 nissent
381 557 414 585 ut
441 556 669 594 protestantur
693 561 866 593 expresse.
895 551 943 584 De
969 552 1095 592 quibus
1121 551 1322 582 omnibus...
1344 552 1547 590 rogaverunt
1573 550 1640 580 fieri
1668 550 1730 580 hoc
1749 550 2049 582 instrumentum...

228 615 456 653 presentibus,
483 618 544 647 ete.
563 613 624 655 (1).

996 815 1268 857 DCCXXI.

318 935 423 963 Frate
450 934 712 963 Franceschino
738 935 782 962 da
808 934 1036 962 Castellazzo
1062 935 1080 962 ἐ
1105 934 1246 962 rieletto
1283 933 1509 962 provinciale
1546 933 1605 962 dal
1643 933 1805 970 Capitolo
1831 933 2046 962 celebratosi

227 988 260 1016 in
287 988 322 1016 S.
355 988 542 1023 Agostino.

866 1082 993 1106 1610
1004 1097 1017 1113 ⁹
1047 1083 1252 1113 agosto
1261 1097 1273 1111 ,
1307 1081 1397 1106 29.

773 1180 851 1201 (Arcti.
868 1180 949 1201 Notar.
966 1179 987 1200 di
1004 1179 1074 1200 PavIa
1090 1191 1115 1193 —
1133 1179 1181 1200 Atti
1197 1179 1219 1200 di
1236 1179 1293 1200 Gian
1309 1179 1423 1205 Agostino
1439 1179 1566 1203 ΜοιέιεῐῑοὶΔ

478 1384 501 1410 Ν
528 1379 662 1410 nomine
689 1377 836 1415 Domini,
863 1387 970 1409 amen.
998 1377 1095 1410 Anno
1121 1387 1139 1410 a
1165 1379 1348 1410 Nativitate
1389 1379 1541 1410 eiusdem
1583 1378 1719 1411 Domini
1754 1380 1932 1413 millesimo
1958 1383 2056 1422 quIn-

334 1365 382 1481 Ι
471 1427 472 1430 ¹
499 1441 688 1482 gentesimo
714 1441 856 1478 decimo,
884 1441 1052 1472 indicione
1079 1440 1159 1479 XIII,
1186 1441 1239 1472 die
1265 1440 1410 1472 XXVIIII
1438 1441 1564 1472 mensis
1589 1442 1735 1482 augusti,
1770 1442 1850 1474 hora
1876 1442 1977 1475 XXIII
2002 1445 2054 1476 vel

292 1540 297 1541 ⁷
348 1539 465 1542 fij*
498 1504 620 1541 circha,
647 1504 678 1534 in
704 1504 840 1535 civitate
867 1503 982 1544 papie,
1010 1504 1167 1535 videlicet
1194 1505 1224 1535 in
1252 1504 1327 1536 loco
1352 1503 1489 1544 capituli
1517 1505 1710 1535 monasterii
1738 1505 1844 1536 sancti
1864 1505 2055 1546 Augustini,

230 1567 294 1597 sito
322 1567 352 1597 in
380 1567 487 1607 primo
513 1566 660 1598 claustro
686 1567 796 1607 ipsius
822 1567 1028 1604 monasterii,
1054 1565 1153 1598 Porte
1172 1567 1278 1598 sancti
1298 1566 1373 1602 Viti,
1393 1565 1558 1598 Parochie
1585 1567 1691 1598 sancti
1719 1566 1852 1599 Andree
1871 1568 1912 1600 de
1931 1568 2054 1601 Brolio.

231 1628 263 1660 In
290 1630 458 1669 presentia
485 1630 547 1661 mei
575 1629 695 1660 notarii
722 1631 753 1660 et
778 1629 914 1660 testium
942 1628 1244 1669 Infrascriptorum,
1271 1638 1332 1661 nec
1358 1638 1424 1660 non
1451 1631 1482 1660 et
1508 1629 1539 1660 in
1567 1630 1736 1670 presentia
1762 1632 1936 1662 reverendi
1963 1640 2056 1664 sacre

231 1692 354 1732 pagine
380 1691 585 1732 professoris
622 1692 749 1723 domini
785 1692 934 1733 magistri
963 1691 1138 1723 Ambroxii
1166 1692 1206 1723 de
1233 1691 1387 1723 Pusterla
1414 1692 1530 1723 vicarii
1556 1692 1735 1733 generalis,
1762 1692 1806 1723 ibi
1833 1695 2002 1733 presentis
2026 1697 2057 1726 et

232 1762 327 1785 suam
355 1755 587 1786 auctoritatem
614 1757 644 1786 et
670 1755 840 1786 decretum
868 1754 1157 1795 interponentIS....
1183 1752 1385 1786 Convocato
1410 1756 1441 1785 et
1467 1758 1673 1795 congregato
1699 1752 1858 1795 Capitulo
1878 1754 2057 1788 provincie

234 1815 435 1848 Lombardie
462 1816 705 1848 venerabilium
733 1817 968 1857 religiosorum
995 1817 1208 1848 dominorum
1237 1816 1386 1848 Fratrum
1424 1815 1563 1848 OrdiniS
1590 1816 1833 1849 I-Ieremitarum
1859 1819 1965 1850 sancti
1992 1818 2061 1850 Au-

233 1878 370 1918 gustini,
397 1879 461 1910 iam
488 1879 610 1910 diebus
636 1881 781 1919 quatuor
806 1881 838 1910 et
864 1879 948 1910 ultra
974 1879 1128 1919 proxime
1155 1887 1242 1910 nunc
1268 1879 1431 1910 decursis.
1451 1879 1544 1910 iuxta
1562 1887 1676 1910 eorum
1695 1881 1727 1910 et
1745 1879 1855 1920 ipsius
1874 1879 2060 1922 ReIIgioniS

236 1940 346 1977 ritum,
373 1949 498 1972 morem
525 1943 556 1972 et
582 1941 876 1979 consuetudinem,
904 1941 935 1972 in
962 1950 1031 1981 quo
1057 1941 1193 1981 quidem
1221 1940 1381 1982 Capitulo
1408 1941 1542 1973 fuerunt
1566 1944 1598 1973 et
1623 1944 1701 1973 sunt
1739 1942 1942 1984 infrascripti
1969 1953 2063 1976 reve-

237 2003 329 2033 rendi
357 2005 492 2043 patres:

325 2064 546 2098 Reverendus
583 2074 679 2098 sacre
717 2067 839 2107 pagine
877 2065 1052 2107 professor
1088 2066 1248 2098 dominus
1286 2067 1446 2108 magister
1483 2066 1745 2099 Francischinus
1786 2067 1827 2099 de
1868 2066 2060 2101 Castelacio

237 2127 414 2166 professus
440 2127 518 2159 dicti
545 2126 695 2166 Ordinis,
715 2129 770 2169 qui
790 2128 832 2160 ad
853 2129 963 2169 ipsum
990 2127 1185 2169 Capitulum
1212 2131 1243 2161 et
1269 2129 1300 2160 in
1328 2129 1403 2169 ipso
1429 2128 1654 2161 Provincialis
1681 2129 1744 2161 iam
1771 2129 1859 2162 dicte
1886 2129 2062 2163 Provincia

238 2189 438 2221 Lombardie
463 2190 541 2222 dicti
568 2189 707 2223 Ordinis
733 2193 877 2229 creatus,
903 2191 1044 2223 eIIectus
1070 2194 1101 2223 et
1126 2192 1346 2223 confirmatus
1371 2191 1443 2229 fuit,
1470 2194 1569 2232 prout
1595 2192 1643 2224 sic
1669 2192 1739 2224 fore
1765 2201 1880 2224 verum
1908 2194 1995 2225 idem
2015 2203 2064 2226 re-

239 2251 408 2283 verendus
433 2252 594 2284 dominus
621 2252 844 2285 provincialis
871 2262 930 2285 nec
957 2263 1022 2285 non
1048 2255 1080 2285 et
1104 2254 1160 2285 alii
1186 2262 1304 2285 omnes
1331 2253 1534 2294 infrascripti
1561 2255 1736 2286 reverendi
1763 2257 1875 2296 patres
1893 2258 1925 2287 et
1943 2255 2062 2289 fratres

237 2313 367 2351 dicunt,
393 2315 595 2346 confitentur
621 2317 651 2346 et
678 2318 907 2355 protestantur
932 2325 1107 2356 expresse,
1133 2318 1165 2348 et
1191 2325 1300 2357 penex
1327 2324 1425 2348 eum:

330 2375 362 2407 In
390 2377 507 2417 prirnis
534 2376 753 2410 Reverendus
779 2379 938 2420 magIster
964 2377 1167 2410 Ambrosius
1192 2378 1233 2410 de
1260 2378 1413 2410 Pusterla
1439 2379 1588 2411 vicarius
1613 2380 1792 2421 generalis.

331 2437 550 2471 Reverendus
577 2440 736 2481 magister
762 2439 899 2473 Gabriel
926 2441 968 2473 de
995 2439 1111 2481 Papia,
1139 2440 1310 2472 Diffinitor

334 2499 553 2533 Reverendus
579 2503 739 2542 magister
766 2502 970 2535 Fortunatus
995 2503 1037 2535 de
1063 2502 1181 2544 Papia,
1206 2502 1377 2535 DiffInitor

334 2561 553 2595 Reverendus
580 2565 738 2604 magister
764 2564 932 2597 Antonius
959 2565 1000 2596 de
1026 2564 1136 2603 Senis,
1162 2564 1332 2598 Diffinitor

335 2623 555 2656 Reverendus
582 2626 742 2666 magister
768 2625 894 2658 Paulus
920 2627 961 2658 de
987 2626 1059 2664 Ast,
1086 2626 1258 2660 Diffinitor

336 2685 556 2718 Reverendus
582 2688 743 2728 magister
769 2687 936 2720 Antonius
962 2689 1003 2720 de
1030 2689 1090 2721 Ast

336 2746 553 2780 Reverendus
580 2748 675 2780 Prior
700 2752 889 2782 conventus
916 2750 1103 2782 Mediolani
1130 2751 1230 2784 frater
1254 2752 1419 2784 Nicolaus
1445 2752 1485 2784 de
1511 2753 1598 2784 valle
1631 2752 1735 2785 Nucis

310 2915 339 2938 4)
354 2914 444 2939 Questo
460 2915 601 2936 documento
617 2916 628 2936 ὲ
645 2921 689 2936 una
706 2921 777 2941 prava
794 2917 903 2938 ulteriore
920 2917 979 2938 dene
999 2917 1129 2938 condizioni
1186 2918 1307 2943 parecchie
1322 2918 1385 2939 volte
1400 2923 1509 2944 espressa
1525 2919 1561 2940 dal
1577 2918 1700 2942 cardimie
1714 2917 1927 2941 commendatario.
1950 2920 2016 2942 Onde
2037 2921 2066 2947 gii

252 2959 364 2978 anormali
380 2959 401 2979 in
417 2959 452 2979 cui
476 2960 594 2980 κυκᾶν-151
617 2959 639 2981 S⁴
665 2959 742 2981 pietro
758 2961 779 2981 in
795 2960 842 2982 Ciei
859 2961 926 2981 d'oro
948 2967 988 2987 per
1003 2962 1017 2982 il
1033 2962 1132 2982 cambia·
1188 2962 1311 2983 Eremitani
1334 2967 1378 2983 non
1400 2964 1518 2988 potes-ano
1539 2963 1594 2984 dirsi
1615 2962 1681 2984 liberi
1703 2963 1762 2985 nene
1783 2963 1920 2989 tmitative:
1943 2970 1955 2986 e
1986 2965 2066 2991 quindi

255 3004 332 3023 mento
347 3003 407 3023 della
423 3003 554 3024 Comunita,
572 3004 730 3025 L'Intervento
745 3005 781 3026 del
796 3007 879 3027 senato
894 3006 1020 3027 costituiva
1036 3011 1081 3027 una
1096 3012 1134 3028 co·
1188 3005 1256 3027 fanno
1272 3006 1292 3027 la
1308 3006 1358 3028 loro
1373 3007 1487 3033 prudente
1502 3009 1616 3033 protesta.

255 3047 365 3067 strizione
390 3048 476 3068 morale
492 3048 520 3068 ed
536 3049 608 3069 anche
625 3050 743 3070 materIaIe
760 3050 781 3070 in
797 3052 919 3071 conti-asto
943 3056 986 3071 con
1003 3051 1024 3071 la
1040 3050 1135 3072 volonta
