2305 3407
253 176 296 208 36

256 311 529 351 vigintiquinque
557 308 779 349 imperialium
808 308 839 339 in
865 309 1016 344 totum‚...
1043 309 1073 338 et
1099 305 1222 337 fuerint
1248 306 1324 337 hinc
1350 305 1427 337 inde
1452 305 1635 337 exbursate
1668 305 1732 346 ipsi
1767 305 1928 346 magistro
1964 305 2079 347 Augu—

255 373 345 404 stino
370 371 617 412 quamplurime
643 370 857 401 denariorum
885 369 1101 410 quantitates,
1127 368 1307 408 dictusque
1337 368 1497 409 magister
1514 366 1725 408 Augustinus
1759 368 1823 399 iam
1853 370 1980 408 partem
1998 368 2076 400 dicti

255 435 346 466 chori
374 433 500 469 fecerit,
528 435 625 474 prout
650 434 791 473 apparet
815 440 856 463 ex
883 431 1135 463 constructione
1163 431 1294 471 ipsius:
1321 429 1427 461 Modo
1452 432 1596 461 autem...
1633 430 1744 462 dictus
1770 431 1928 471 magister
1964 429 2079 472 Augu-

257 498 376 533 stinus.
403 505 465 528 suo
491 498 522 527 et
548 496 682 527 nomine
709 495 859 535 magistri
888 493 1102 525 Baldessaris
1127 493 1201 524 eius
1227 493 1370 524 tratris...
1396 491 1457 523 tuit
1482 492 1706 524 confessus...
1734 501 1853 524 versus
1893 492 2078 533 prefactum

257 560 430 591 dominum
473 557 606 590 Petrum
649 557 912 598 stipulantem....
955 556 1132 587 nomine...
1175 554 1293 595 prefati
1320 553 1360 586 D.
1388 554 1426 586 D.
1454 553 1656 588 Cardinalis.
1683 563 1719 586 se
1746 555 1856 596 ipsum
1883 555 2078 596 magistrum

259 621 484 663 Augustinum
511 621 554 652 ab
580 621 655 661 ipso
681 620 818 651 domino
845 618 987 650 Petro...
1015 618 1176 649 habuisse
1202 620 1233 649 et
1259 617 1428 658 recepisse
1454 617 1557 649 libras
1586 619 1809 649 novecentum
1835 618 2078 658 vigintinovem

257 688 288 716 et
314 684 432 716 soldos
469 684 620 724 quinque
659 682 892 723 imperiales...
931 690 991 722 pro
1017 683 1110 721 parte
1129 680 1315 712 solucionis
1333 681 1498 712 dictorum
1517 680 1730 712 denariorum
1749 680 1813 712 sibi
1833 681 2078 721 promissorum

259 756 318 787 pro
348 746 597 777 constructione
628 745 706 776 dicti
726 745 852 775 ctiori...
880 745 1003 775 restum
1031 752 1111 774 vero
1136 743 1300 773 dictorum
1328 742 1564 780 denariorum,
1591 743 1647 783 qui
1674 744 1752 774 sunt
1778 743 1809 773 in
1836 751 1966 774 summa
1998 742 2080 774 libre

258 811 456 840 sexcentum
484 807 842 847 nmragintaquinque,
869 805 956 837 soldi
983 805 1176 845 quindecim
1205 804 1441 845 imperiales...
1482 806 1633 836 teneatur
1659 803 1810 845 prefatus
1836 804 1994 835 dominus
2020 802 2082 835 Pe-

269 874 383 902 trus...
410 871 595 902 exbursare
621 869 710 900 omni
743 868 934 899 ebdomada
961 868 1054 898 iuxta
1078 867 1283 907 exigentiam
1325 867 1560 907 magistrorum
1588 875 1675 907 quos
1700 867 1847 907 contiget
1873 866 2024 898 laborare
2049 867 2081 902 in

260 934 350 965 dicto
377 933 490 968 cnoro,
517 941 534 963 a
561 940 629 971 quo
655 932 760 962 choro
787 939 852 961 non
880 930 990 970 possit
1015 930 1169 961 recedere
1195 929 1305 960 dictus
1346 929 1505 969 magister
1531 928 1744 970 Augustinus
1770 938 1830 960 nec
1856 929 1930 960 eius
1965 928 2081 960 famuli

262 1004 440 1035 usquequo
467 1003 531 1025 non
559 994 601 1024 sit
627 992 811 1033 perfectum
839 993 962 1023 dictum
990 1000 1088 1031 opus,
1114 994 1145 1022 et
1171 991 1264 1022 tinito
1291 991 1366 1031 ipso
1391 991 1494 1022 choro
1520 991 1715 1022 satisfacere
1741 991 1943 1032 integraliter
1977 999 2084 1031 usque

260 1059 301 1089 ad
329 1058 451 1088 dictam
479 1065 656 1093 summam,
682 1056 724 1087 ad
751 1064 883 1086 ornnem
911 1054 1164 1094 requisitionem
1191 1053 1355 1084 dictorum
1381 1053 1530 1085 fratrum
1556 1053 1629 1091 Que
1656 1054 1769 1085 omnia
1796 1054 2003 1094 promittunt,
2021 1055 2082 1085 etc.

262 1119 492 1157 presentibus,
519 1122 578 1150 etc.
597 1116 658 1158 (1).

1039 1325 1311 1367 DCXCIV.

351 1438 378 1466 Il
405 1438 588 1466 Convento
615 1437 649 1466 di
676 1438 709 1468 S,
736 1437 848 1465 Paolo
874 1444 964 1473 paga
989 1445 1034 1464 un
1060 1444 1168 1464 censo
1195 1435 1266 1463 alla
1291 1443 1416 1463 mensa
1442 1435 1626 1463 vescovile
1653 1435 1688 1463 di
1715 1435 1840 1463 Pavia.

918 1548 1082 1581 1507,
1111 1549 1320 1581 aprile,
1349 1548 1424 1574 10.

871 1639 938 1660 Arcti.
956 1638 1036 1659 Notat.
1053 1638 1075 1659 di
1094 1638 1165 1659 Pavia
1180 1649 1205 1652 -
1221 1638 1268 1659 Atii
1286 1637 1308 1658 di
1324 1637 1375 1659 Siro
1392 1637 1503 1658 Pescaril.

376 1826 422 1940 I
514 1844 537 1869 Ν
563 1839 734 1870 audientia
762 1837 880 1869 Palatii
907 1838 1126 1878 episcopalis,
1155 1837 1218 1868 sita
1245 1837 1276 1868 in
1304 1835 1434 1868 Palatio
1461 1836 1667 1877 Episcopali,
1702 1835 1800 1867 Porte
1838 1835 1987 1867 Pertuxii
2030 1834 2093 1867 Pa-

537 1901 648 1932 rochie
675 1900 782 1932 sancti
810 1898 948 1940 Georgii
977 1900 1007 1930 in
1036 1899 1231 1930 Fenarolo...
1258 1897 1463 1939 Spectabilis
1489 1899 1648 1930 dominus
1675 1898 1841 1930 lohannes
1867 1897 2026 1930 Matheus
2052 1897 2093 1929 de

427 1999 502 2002 Ὺ*
539 1963 742 1995 Paltoneriis
768 1963 853 1994 civis
879 1963 1066 2003 papiensis,
1092 1962 1277 2002 deputatus
1302 1961 1345 1992 ad
1363 1960 1568 2001 exigendum
1587 1969 1710 1991 census
1730 1959 1958 2000 Episcopatus
1976 1958 2091 2000 Papie.

268 2027 417 2058 dislziara
443 2027 478 2058 <ii
501 2027 638 2058 ricevere
664 2025 721 2057 dal
746 2025 973 2056 venerabilem
1001 2025 1174 2056 dominum
1202 2023 1334 2055 fratrem
1373 2022 1580 2055 Bernardum
1607 2022 1648 2054 de
1675 2021 1812 2063 Papia...
1839 2022 1881 2053 ad
1909 2023 2036 2062 partem
2062 2023 2093 2053 et

268 2090 443 2120 utilitatem
470 2089 653 2120 venerandi
681 2088 874 2119 monasterii
902 2088 1009 2119 sancti
1038 2086 1132 2118 Pauli
1159 2088 1254 2118 extra
1280 2088 1310 2118 et
1337 2095 1442 2127 prope
1480 2084 1655 2126 Papiam..‚
1693 2085 1798 2117 libras
1835 2085 1953 2125 viginti
1992 2092 2090 2116 unam

267 2151 408 2189 incensi,
435 2152 622 2183 occaxione
649 2159 772 2182 census
798 2159 962 2182 annorum
990 2150 1107 2190 viginti
1135 2149 1235 2181 unius
1262 2149 1415 2189 proxime
1441 2149 1686 2189 preteritorum,
1731 2148 1898 2179 finitorum
1936 2147 1968 2178 in
2007 2146 2093 2179 festo

269 2215 373 2246 sancti
402 2213 475 2255 Syri
504 2214 658 2254 proxime
686 2213 844 2254 preteriti,
871 2222 971 2253 quem
998 2220 1135 2244 censum
1162 2212 1297 2253 singulo
1323 2220 1412 2243 anno
1438 2211 1570 2242 solvere
1608 2212 1737 2242 tenetur
1774 2209 1939 2251 prefatum
1978 2218 2094 2241 mona-

269 2277 406 2307 sterium
433 2277 525 2308 dicto
552 2276 774 2317 Episcopatui
794 2272 855 2314 (2).

340 2435 357 2456 l)
373 2433 429 2453 Vetti
446 2433 459 2453 il
476 2433 616 2453 documento
633 2433 668 2453 dcl
687 2434 710 2453 15
725 2439 812 2457 marzo,
830 2432 888 2453 1504.
1265 2430 1334 2451 Sotto
1350 2432 1433 2456 questa
1449 2431 1526 2450 stesso
1542 2429 1596 2450 data
1613 2429 1648 2450 del
1667 2429 1690 2449 10
1704 2429 1776 2455 aprile
1792 2429 1906 2450 troviamo
1923 2433 1952 2448 un
1967 2429 2032 2451 atto.
2056 2433 2090 2448 ro-

338 2480 358 2499 2»
375 2479 403 2498 Ι.;ι
420 2479 498 2498 chiesa
514 2478 535 2498 di
552 2478 574 2498 S.
593 2478 663 2498 Pnolo
679 2484 744 2498 coine
760 2478 834 2498 scrive
851 2477 874 2497 Ρ.
888 2477 1032 2498 ROMUAIDO
1043 2477 1101 2497 nella
1113 2482 1154 2496 sua

277 2524 356 2543 flat-nr
374 2523 447 2548 Pnpm
464 2529 541 2544 sacru.
559 2526 618 2547 part⁴
636 2522 671 2547 lll=
689 2528 741 2547 pagv
758 2523 791 2546 71,
808 2524 859 2543 era!
881 2522 1014 2547 antiquitus
1038 2522 1097 2542 iuris
1118 2521 1157 2541 ab·

276 2568 288 2587 li
299 2571 355 2587 ilinc
372 2568 393 2587 S.
413 2567 556 2589 Christiane,
569 2567 736 2587 i'tiomiclwrum
748 2566 936 2590 Cassincnstmn,
948 2566 971 2586 in
983 2566 1157 2586 nrmlwlancnxe·

278 2613 377 2633 linivi-xi:
393 2614 504 2637 perpetuo
522 2613 599 2631 {nmen
610 2617 810 2635 stlllflrn',11!1sslltls
826 2611 902 2631 libras
912 2611 972 2631 dnus
984 2610 1095 2631 ticinensi
1107 2610 1158 2635 Epi-

278 2663 301 2675 st·
313 2662 347 2681 11⁷0
361 2657 495 2681 persolvere
511 2656 642 2679 tenebatur,
660 2656 683 2675 in
697 2655 761 2680 josto
778 2655 799 2675 S.
818 2655 889 2679 Syri,
913 2656 1032 2680 tamquam
1055 2654 1156 2680 aliquali

278 2702 352 2720 silem
368 2706 456 2726 quoquc
472 2706 521 2720 ture*
538 2700 649 2720 subiet-m
667 2700 708 2720 Cic·
724 2700 758 2719 sin
775 2700 898 2719 dall'nnno
916 2699 973 2719 1127.
986 2699 1056 2720 Corne
1068 2700 1085 2719 si
1099 2699 1155 2719 vedu

278 2745 362 2765 „iilam
379 2745 383 2763 i
402 2744 508 2767 Religiost
525 2744 546 2763 «li
563 2744 585 2764 Si
604 2744 675 2764 Paulo
696 2744 773 2764 invece
791 2743 811 2763 di
828 2743 872 2763 due
895 2743 935 2764 lire
959 2748 1050 2768 pagano
1071 2743 1091 2763 al
1115 2743 1156 2763 Vc-

277 2795 349 2809 scovo
366 2794 409 2808 una
426 2789 498 2808 libbra
515 2788 536 2808 α’
547 2788 640 2808 incenso
655 2788 770 2808 all'nnno.

1211 2478 1266 2500 gato
1282 2475 1310 2495 (ta
1327 2474 1439 2497 Riccardo
1456 2474 1591 2499 Rovescaia,
1607 2479 1649 2495 con
1666 2474 1701 2495 cni
1727 2474 1872 2495 Lnncellotto
1887 2479 1898 2494 e
1915 2472 1993 2493 Nicola
2016 2472 2091 2493 Vista-

1213 2521 1253 2541 rini
1270 2520 1306 2540 del
1322 2519 1344 2540 tu
1362 2520 1432 2540 milite
1449 2518 1569 2543 Bassam),
1592 2519 1697 2539 cittaiiini
1713 2518 1735 2539 di
1753 2518 1821 2539 Pax-ia
1838 2524 1849 2539 e
1865 2518 1886 2538 di
1906 2517 1960 2538 Lodi
1971 2534 1976 2542 ,
1999 2522 2090 2543 pagano

1212 2565 1252 2585 lire
1268 2565 1293 2585 25
1309 2564 1420 2589 imperiali
1436 2569 1448 2584 a
1464 2563 1522 2583 irate
1539 2563 1656 2583 Bernanlo
1672 2562 1700 2583 da
1718 2562 1802 2587 Pax-ia,
1826 2562 1979 2582 Procuratore
2001 2561 2022 2581 di
2045 2560 2090 2581 San

1215 2609 1294 2632 l‘aolo.
1311 2614 1376 2629 come
1393 2608 1484 2628 reddito
1500 2613 1577 2628 annuo
1593 2607 1628 2628 dcl
1645 2607 1722 2631 legato
1738 2607 1760 2627 di
1776 2607 1816 2627 lire
1832 2606 1884 2630 400,
1907 2605 1966 2626 tatto
1988 2606 2009 2626 al
2032 2605 2091 2627 con-

1211 2655 1281 2674 vento
1297 2653 1333 2674 dal
1350 2653 1462 2673 suddetto
1487 2652 1592 2673 ansano
1617 2652 1652 2672 nel
1675 2652 1817 2672 testamento
1840 2652 1922 2675 rogato
1944 2650 1972 2670 da
1995 2649 2091 2671 Onolrio

1213 2698 1300 2722 Bracci,
1317 2698 1397 2718 notaio
1413 2697 1433 2717 nli
1451 2697 1515 2721 Lodi,
1532 2697 1561 2716 1¹³
1577 2702 1662 2719 marzo,
1682 2697 1738 2717 15oi.
1755 2695 1832 2716 Simile
1849 2697 1989 2720 paganicum
2004 2695 2016 2715 ὲ
2031 2694 2091 2715 fatto

1212 2743 1284 2763 anche
1299 2743 1320 2763 ai
1335 2742 1362 2763 30
1376 2742 1462 2767 giugno
1480 2742 1530 2761 1508
1544 2746 1556 2761 a
1573 2740 1631 2761 irate
1648 2740 1791 2761 Dctcndcnte
1817 2740 1844 2760 da
1868 2740 1989 2764 voutrcra,
2013 2738 2091 2760 Priore

1215 2787 1236 2807 di
1253 2786 1274 2807 S.
1293 2786 1373 2811 Paolo,
1389 2791 1431 2806 con
1447 2787 1498 2806 atto
1513 2782 1574 2805 dello
1589 2786 1667 2805 stesso
1683 2784 1762 2805 notaio
1778 2783 1912 2805 Rovescalm
