2305 3407
1967 165 2030 197 307

208 287 408 319 confirmant
433 288 658 328 ordinantque
689 287 814 319 dictum
847 289 1104 321 instrumentum
1131 292 1324 323 contractus
1353 293 1395 323 ad
1428 293 1518 325 illius
1550 294 1730 334 perfectam
1765 298 2027 337 exequutionem

207 349 480 381 demandandum
506 358 583 381 esse
608 350 639 381 in
665 350 824 381 omnibus
849 352 879 382 et
905 359 963 390 per
987 352 1099 383 omnia
1132 355 1230 392 prout
1258 354 1340 385 iacet
1365 355 1406 386 ad
1434 355 1586 393 litteram,
1612 359 1642 387 et
1668 360 1836 397 quatenus
1865 360 2026 400 expediat

207 412 316 444 simile
341 412 597 444 instrumentum
623 411 772 443 fecerunt
797 414 829 443 et
852 411 990 450 faciunt,
1017 415 1115 453 pacto
1141 416 1250 446 tamen
1276 416 1468 456 specialiter
1493 419 1524 448 et
1549 426 1712 458 expresse
1738 421 1909 460 apposito,
1936 422 2027 461 quod

206 473 333 514 pretate
359 474 523 505 moniales
548 482 613 505 non
641 474 774 514 possint
797 474 945 514 aliquam
966 474 1086 507 inferre
1112 476 1301 508 molestiam
1329 478 1360 509 in
1381 479 1505 510 iudicio
1532 488 1590 511 nec
1608 482 1703 512 extra
1729 483 1843 513 contra
1869 483 2027 515 dominos

208 536 339 568 Fratres
365 536 557 568 monasterii
591 536 696 567 sancti
724 535 904 577 Augustini
939 536 1043 578 Papie
1069 547 1128 569 nec
1154 538 1239 570 alios
1266 539 1396 571 Fratres
1422 541 1509 572 dicte
1536 540 1732 582 Religionis,
1758 545 1943 575 occaxione
1969 545 2026 576 ali-

205 607 346 639 quarum
373 599 601 638 impensarum
635 607 694 638 per
719 607 788 636 eas,
814 607 873 630 seu
908 608 1021 630 earum
1055 600 1262 638 nominibus,
1288 601 1451 633 factarum
1485 604 1672 635 occaxione
1709 605 1787 636 dicti
1822 608 2024 642 contractus,

205 670 264 692 nec
296 661 443 701 aliquam
477 661 789 700 compensationem
823 662 944 701 petere,
977 664 1008 693 et
1041 662 1095 693 ubi
1129 663 1386 695 contrafecerint
1420 664 1507 696 dicte
1541 665 1720 704 Moniales‚
1755 668 1846 707 quod
1881 677 2022 708 presens

203 724 460 755 instrumentum
485 723 528 754 sit
554 723 680 753 nullum
707 725 738 754 et
756 723 882 754 nullius
901 723 1036 762 valoris,
1055 724 1204 756 efficacie
1231 727 1263 757 et
1289 728 1458 758 momenti.
1479 727 1517 758 Et
1535 728 1656 768 pariter
1675 729 1765 769 quod
1793 730 1871 761 dicti
1893 730 2024 762 Fratres

199 787 306 818 sancti
332 785 510 826 Augustini
537 794 602 815 non
623 786 756 825 possint
781 785 952 825 predictas
971 786 1174 818 reverendas
1192 787 1363 819 Moniales
1389 798 1447 820 nec
1467 790 1497 820 in
1525 790 1651 821 iudicio
1671 800 1730 822 nec
1748 794 1841 823 extra
1869 792 2026 824 molesta-

198 858 242 886 re,
260 849 448 880 occaxione
465 847 609 879 alicuius
628 848 812 879 interutorii
831 850 982 888 tempore
1002 849 1159 889 preterito
1178 849 1323 888 decursi,
1340 851 1389 882 vel
1409 851 1552 883 alicuius
1571 861 1660 884 more
1679 854 1706 884 si
1727 863 1852 885 moram
1873 855 2021 895 aliquam

199 913 315 951 posset
340 911 406 942 dici
431 910 581 950 prefatas
608 909 778 941 Moniales
803 911 1016 942 commisisse
1042 912 1170 943 ratione
1196 912 1401 944 solutionum
1429 914 1625 952 fiendarum,
1652 916 1778 947 seilicet
1804 917 1846 947 ab
1874 918 1973 948 liodie
1993 919 2023 948 in

199 975 308 1005 antea,
334 973 459 1004 dictum
486 973 742 1004 instrumentum
770 973 801 1004 in
828 974 987 1005 omnibus
1013 976 1043 1005 et
1070 983 1128 1014 per
1153 975 1266 1006 onmia
1296 977 1517 1016 exequutioni
1545 977 1776 1010 demandetur.

287 1034 360 1073 Que
385 1035 498 1066 onmia
521 1034 608 1066 facta
633 1035 766 1066 fuerunt
791 1035 834 1066 ad
861 1036 1064 1075 presentiam
1092 1036 1211 1077 prefati
1239 1038 1376 1069 multum
1405 1040 1576 1070 reverendi
1605 1040 1730 1071 domini
1759 1040 1853 1072 Pauli
1874 1042 2021 1074 Pallavi—

195 1099 259 1129 cini
286 1097 488 1138 prefatasum
514 1097 725 1128 dominarum
751 1098 937 1137 superioris
964 1102 1062 1138 prout
1088 1108 1200 1139 supra,
1228 1101 1378 1140 predicto
1405 1103 1539 1133 nomine
1566 1102 1770 1142 pretatarum
1806 1104 2018 1136 dominarum

195 1160 395 1192 Monialium
421 1160 631 1200 acceptantis
657 1162 687 1191 et
706 1161 931 1200 promittentis
958 1161 1022 1192 sub
1047 1161 1255 1202 obligatione
1281 1163 1332 1194 sui
1359 1165 1390 1194 et
1417 1164 1580 1195 bonorum
1608 1173 1745 1196 suorum
1766 1167 1971 1206 presentium
1991 1170 2021 1198 et

192 1222 378 1254 futurorum
413 1223 545 1262 pignori
573 1221 712 1262 prefatis
738 1222 886 1253 dominis
913 1221 1105 1263 Religiosis‚
1124 1225 1214 1264 quod
1235 1224 1362 1265 prefate
1380 1226 1515 1256 domine
1542 1226 1712 1259 Moniales
1738 1237 1879 1268 presens
1899 1229 2021 1260 instru-

193 1288 339 1317 mentum
372 1285 626 1316 rattitieaeionis
658 1285 884 1324 acceptabunt
910 1287 940 1316 et
974 1286 1187 1317 ratificabunt
1213 1287 1288 1318 hinc
1314 1287 1356 1318 ad
1383 1297 1532 1319 mensem
1560 1298 1661 1320 unum
1689 1291 1842 1330 proxime
1869 1290 2015 1323 futurum

192 1348 257 1379 sub
283 1348 471 1379 reflectione
496 1347 645 1377 omnium
671 1355 910 1387 expensarum,
929 1350 991 1378 etc.
1011 1347 1265 1386 Renunciando‚
1291 1352 1350 1380 ete.
1379 1349 1627 1389 Promittentes,
1646 1355 1706 1382 etc.
1727 1352 1765 1383 Et
1784 1352 1824 1384 de
1844 1354 2015 1393 predictis,

192 1413 252 1442 etc.
279 1410 396 1442 Actum
433 1412 594 1450 utsupra
629 1410 659 1440 in
691 1409 775 1441 salla
808 1410 886 1441 dicti
920 1409 1126 1449 Diffinitorii‚
1152 1412 1216 1442 sita
1242 1412 1273 1442 111
1309 1413 1512 1443 monasterio
1547 1415 1653 1445 sancti
1691 1414 1795 1445 Marci
1831 1415 2015 1447 Mediolani

192 1473 409 1513 presentibus
436 1472 572 1509 ibidem,
599 1474 659 1503 eet.
690 1472 846 1503 testibus.

280 1535 350 1575 Ego
375 1533 611 1567 Citristoforus
636 1533 795 1566 Ciliilinus
820 1534 962 1566 clericus
988 1536 1019 1566 et
1043 1535 1128 1567 civis
1155 1536 1420 1568 mediolanensis
1447 1538 1680 1578 imperialique
1707 1541 1737 1570 et
1763 1540 1953 1578 apostolica
1978 1550 2016 1572 ac

188 1596 289 1630 Curie
307 1596 608 1637 archiepiscopalis
627 1596 894 1627 mediolanensis
918 1597 1176 1629 auctoritatibus
1195 1599 1346 1630 notarius
1365 1600 1565 1640 premissum
1594 1601 1851 1633 instrumentum
1879 1605 2017 1643 rogatus

188 1660 317 1692 confeci
343 1661 375 1691 et
400 1668 460 1700 pro
485 1659 550 1690 fide
576 1659 766 1699 subscripsi
793 1656 853 1699 (1).

256 1818 286 1841 Ὶ1)
301 1817 346 1838 Tra
362 1817 390 1843 gli
405 1817 448 1838 atti
464 1817 486 1837 di
503 1817 594 1838 Matteo
610 1817 743 1841 Cellanova,
759 1818 780 1838 ai
799 1818 821 1838 1⁴
843 1818 929 1842 giumo
947 1818 1004 1843 1534,
1021 1819 1067 1838 tro-

187 1862 264 1883 viaino
280 1862 301 1882 la
324 1862 413 1882 ratiiiza
429 1862 465 1882 del
489 1862 619 1882 deliberato
642 1862 678 1882 del
694 1861 803 1887 Capitolo
826 1862 942 1887 generale,
959 1862 1017 1882 tatta
1034 1863 1069 1882 nel

188 1905 311 1927 Convento
327 1906 348 1926 di
364 1906 386 1927 S.
403 1906 524 1931 Mostiola,
540 1912 581 1927 ora
597 1907 618 1927 di
635 1906 717 1927 Monte
732 1906 833 1930 Oliveto,
850 1906 910 1927 dalle
926 1907 1071 1927 Vallombro-

188 1956 243 1971 sane
259 1952 447 1976 espressamente
463 1950 564 1971 adunate
587 1951 608 1971 in
631 1950 734 1975 capitolo
750 1950 809 1971 dalla
833 1950 970 1971 Abbadessa
993 1951 1069 1971 donna

190 1995 306 2016 Lodovica
323 1995 358 2015 dei
375 1994 442 2016 Conti
459 1995 480 2015 di
497 1994 651 2016 Gambarana.

254 2040 280 2060 Αἰ
298 2040 321 2059 12
336 2039 460 2064 dicembre,
482 2044 525 2060 con
540 2041 591 2059 atto
613 2039 674 2059 dello
695 2040 773 2059 stesso
795 2040 875 2060 notaio
897 2038 1022 2060 Cellanova
1045 2040 1066 2059 in

188 2084 286 2104 ecclesia
302 2084 436 2104 monasterii
458 2084 591 2104 monialium
615 2083 703 2104 Montis
725 2084 809 2104 Oliveti
824 2084 869 2104 sita
891 2084 912 2104 111
929 2083 999 2104 Porta
1022 2084 1065 2104 Da-

189 2128 256 2148 :niani
272 2128 294 2148 in
310 2127 422 2148 Parocliia
438 2128 512 2148 sancti
528 2127 698 2149 Columbanini.
715 2127 838 2149 Radunato
853 2128 867 2148 11
884 2127 992 2153 Capitolo
1007 2128 1066 2148 delle

188 2172 310 2196 Monaclie,
329 2172 483 2192 l'Abbadessn
499 2172 575 2192 donna
593 2172 708 2192 Lodovica
725 2172 761 2192 de’
784 2172 851 2192 Conti
868 2172 889 2192 di
911 2172 1066 2197 (jnnibarana,

187 2217 287 2237 allocuta
305 2216 346 2237 init
362 2218 384 2237 et
400 2217 526 2242 alloquitur
542 2217 562 2236 in
579 2217 638 2237 nune
658 2216 760 2241 modum,
777 2216 898 2237 videlicet:
915 2216 1012 2237 Sorores
1028 2222 1063 2237 ca-

188 2261 287 2286 rissime,
303 2267 345 2281 vos
361 2267 405 2282 non
421 2262 533 2286 ignoratis
549 2261 711 2286 superioribus
735 2261 801 2281 annis
817 2261 875 2281 inter
898 2261 1064 2281 monasterium

188 2306 262 2326 sancti
281 2306 404 2331 Augustini
420 2308 442 2326 ct
458 2308 538 2326 sancte
561 2306 681 2326 Mustiolle
696 2305 775 2331 l‘apie,
799 2306 937 2331 precedente
953 2306 1018 2331 prius
1041 2306 1064 2325 li-

187 2351 263 2371 centia
274 2357 352 2371 eorum
370 2352 449 2371 rev.nii
461 2351 536 2371 Patris
551 2351 670 2372 Generalis
681 2351 805 2371 deventum
822 2350 894 2370 luisse
904 2351 933 2370 :id
944 2351 1067 2371 nonnullas

187 2397 354 2418 conventiones
369 2396 390 2416 111
407 2396 492 2421 quibus
507 2396 550 2421 ipsi
567 2396 659 2416 Fratres
675 2395 729 2416 dicti
745 2395 839 2416 Ordinis
863 2395 930 2415 nobis
945 2396 1066 2415 cesserunt

187 2441 353 2461 monasterium
369 2442 391 2460 et
407 2440 528 2460 ecclesiam
544 2441 624 2460 sancte
639 2439 768 2464 Mustiolle,
783 2440 805 2460 in
830 2439 896 2460 cuins
912 2439 1063 2464 possessione

187 2491 246 2506 nunc
258 2490 347 2509 sumus,
360 2486 382 2505 et
398 2484 432 2505 cis
447 2484 611 2509 promissimus
626 2484 717 2504 solvere
732 2484 803 2504 libras
819 2483 924 2504 undecim
949 2484 1009 2504 inille
1026 2484 1064 2503 im-

188 2529 295 2555 periales,
312 2531 336 2550 ut
352 2529 463 2549 recitatur
479 2529 500 2549 in
516 2529 656 2549 istrumento
676 2529 758 2553 rogato
770 2533 810 2553 per
825 2528 977 2554 spectabilem
990 2528 1064 2548 cansi-

185 2573 261 2594 dicum
272 2573 298 2594 D.
316 2573 425 2598 lacopum
442 2572 539 2593 Mariam
552 2572 704 2593 Ultranellum
716 2572 832 2593 notarium
842 2572 986 2598 papiensem:
1002 2571 1062 2596 Qua-

187 2623 236 2638 rum
251 2617 432 2638 conventionum
448 2617 571 2637 occasione
593 2618 709 2637 restuinus
723 2616 799 2637 adhuc
821 2616 946 2637 debitrices
967 2616 1068 2642 pretato-

187 2667 236 2683 rum
252 2661 398 2682 dominorum
421 2661 516 2682 fratrum
533 2662 599 2687 quasi
616 2661 644 2682 dc
659 2661 725 2682 libris
736 2667 818 2681 novem
836 2661 937 2682 millibus
958 2661 1064 2686 imperin-

187 2706 248 2727 libus
264 2708 286 2727 et
301 2706 353 2727 nect
374 2706 460 2727 dictum
476 2707 656 2727 instrumentum
678 2706 858 2727 conventionum
874 2705 943 2726 tuerit
964 2706 1063 2731 aproba-

186 2751 234 2771 tum
250 2756 263 2771 a
284 2750 344 2771 Sede
365 2750 511 2776 Apostolica.
526 2752 630 2771 attamen
653 2749 695 2771 11111
711 2751 770 2771 inter
786 2756 828 2771 nos
848 2752 869 2771 et
893 2751 958 2776 ipsos
980 2750 1064 2771 iratres

1121 1818 1290 1844 longalis,que
1305 1819 1379 1843 gratia
1397 1819 1437 1840 Dei
1448 1820 1617 1845 omnipotentis
1633 1820 1762 1846 iuitsopita
1778 1826 1839 1841 anno
1856 1822 2007 1847 presenti,it:1

1125 1863 1188 1888 quod
1205 1868 1301 1884 necesse
1311 1865 1346 1884 est
1363 1869 1488 1889 preparare
1504 1865 1616 1890 pecunias
1633 1871 1673 1890 per
1689 1871 1731 1885 nos
1745 1865 1837 1886 debitas
1850 1868 1871 1886 et
1884 1868 2009 1887 restantesv

1127 1906 1234 1932 Propone
1250 1907 1328 1932 percio
1344 1908 1364 1928 la
1381 1908 1474 1928 vendita
1490 1908 1511 1928 di
1528 1910 1590 1930 certe
1607 1910 1666 1929 terre
1684 1909 1719 1930 dcl
1736 1912 1878 1935 monastero,
1895 1912 1939 1931 etcv

1178 1946 1195 1972 Ε
1217 1951 1246 1972 da
1262 1952 1409 1977 agginngersi
1426 1954 1467 1973 elie
1483 1953 1503 1973 ai
1519 1953 1545 1974 30
1561 1954 1650 1979 Agosto
1669 1954 1725 1979 1565,
1742 1960 1785 1975 con
1801 1956 1852 1975 atto
1876 1957 1959 1979 rogato
1979 1956 2007 1975 (1.1

1125 1996 1211 2017 Cesare
1227 1996 1304 2019 Assio,
1320 1997 1355 2017 nel
1371 1999 1487 2018 convento
1504 1998 1524 2018 di
1541 1998 1563 2019 S⁴
1582 1998 1705 2023 Agostino,
1722 1999 1864 2019 reverendus
1881 2002 1947 2025 puter
1963 2006 2009 2020 nia>

1121 2041 1193 2065 gister
1209 2040 1332 2062 Deodatus
1346 2042 1405 2062 della
1421 2041 1529 2067 Speciem.
1547 2042 1618 2063 Prior*
1633 2059 1637 2063 .
1654 2048 1750 2063 necnon
1767 2045 1789 2063 et
1806 2044 1916 2068 magister
1929 2044 2007 2064 lolian-

1120 2090 1160 2105 nes
1176 2085 1204 2105 de
1221 2085 1292 2110 Papia
1307 2086 1411 2106 sindicus
1427 2088 1449 2106 et
1466 2089 1603 2111 procurator
1619 2087 1673 2107 dicti
1691 2088 1851 2108 monasterii&
1864 2088 2006 2109 tlt'clii'nrmro

1121 2134 1203 2149 versus
1223 2129 1342 2150 dominum
1364 2130 1475 2150 Lazarum
1497 2131 1525 2151 de
1545 2130 1659 2151 Galasiis⁴
1673 2148 1691 2151 ..
1713 2132 1816 2152 civitatis
1831 2132 1973 2153 Mediolani.
2001 2150 2004 2153 ,

1121 2173 1273 2199 stipuluntem
1296 2174 1388 2194 nomine
1409 2176 1430 2194 et
1448 2175 1496 2194 vice
1517 2175 1696 2195 reverendarum
1717 2176 1862 2196 dominarum
1879 2176 2004 2197 ammisse

1119 2218 1141 2237 et
1158 2217 1294 2238 Monialium
1310 2220 1390 2239 sancte
1411 2218 1484 2239 Marie
1505 2219 1593 2239 Montis
1609 2220 1693 2240 Oliveti
1711 2220 1790 2245 Papie,
1808 2220 1833 2240 ‹1'1'
1852 2226 1907 2241 (wer
1926 2221 1956 2241 (ln
1972 2222 2006 2241 lui

1122 2261 1223 2282 ricevuro
1239 2262 1283 2282 lire
1298 2262 1348 2283 562
1363 2268 1373 2283 ι·
1389 2263 1453 2283 soleii
1470 2263 1504 2288 10,
1521 2264 1543 2283 et
1566 2264 1609 2283 linc
1631 2269 1672 2289 pro
1688 2264 1777 2289 integra
1794 2266 1815 2284 et
1839 2265 1956 2290 completa
1977 2271 2003 2285 :ic

1119 2307 1215 2326 restanti
1239 2307 1359 2327 solucione
1375 2307 1481 2327 fictorum
1505 2309 1527 2328 et
1550 2313 1590 2328 seu
1608 2308 1706 2328 reditum
1732 2308 1821 2329 illarum
1838 2309 1947 2329 lilirnrum
1965 2316 2004 2330 no-

1123 2356 1172 2370 veni
1188 2351 1257 2375 inille,
1277 2356 1322 2376 que
1337 2351 1451 2371 debentur
1468 2357 1507 2377 per
1523 2351 1626 2376 prefatas
1642 2352 1749 2373 dominas
1775 2353 1890 2373 Moniules
1911 2353 2002 2379 pretato

1123 2395 1265 2415 monasterio
1285 2397 1307 2415 et
1330 2396 1373 2415 hoc
1388 2402 1400 2416 a
1416 2396 1520 2416 calendis
1543 2397 1629 2417 mensis
1649 2397 1790 2422 septembris
1813 2398 1916 2423 proxime
1931 2397 2002 2419 11111111

1118 2441 1188 2463 retro,
1201 2445 1266 2460 occa*
1275 2440 1296 2460 io
1308 2445 1326 2460 ie
1342 2440 1486 2461 vendicionis
1499 2446 1538 2466 per
1550 2440 1626 2461 dictos
1637 2441 1778 2462 reverendos
1794 2442 1902 2462 dominos
1914 2444 2003 2468 patrem

1121 2483 1222 2504 Priorem
1243 2486 1264 2504 et
1282 2485 1374 2505 l-‘ratres
1390 2484 1449 2505 lacte
1465 2485 1493 2506 de
1516 2486 1658 2506 monasterio
1673 2486 1732 2507 alias
1747 2488 1827 2507 sancte
1851 2486 1962 2508 Mnstiole
1977 2489 2001 2508 ct

1119 2534 1178 2549 nunc
1193 2530 1273 2549 sancte
1288 2528 1361 2549 Mane
1377 2528 1466 2549 Montis
1481 2529 1574 2550 Olllveti
1591 2529 1670 2555 papie,
1687 2532 1711 2550 ut
1727 2532 1820 2551 constat
1843 2531 1998 2552 instrumento

1115 2573 1190 2598 ipsius
1206 2573 1349 2593 vendicionis
1365 2573 1412 2594 iieri
1434 2575 1517 2598 rogato
1534 2579 1574 2599 per
1589 2575 1742 2599 spectabilem
1763 2575 1907 2596 causidicum
1928 2576 2000 2596 donii-

1113 2623 1166 2637 num
1178 2617 1340 2643 Ultrabelluin,
1353 2623 1394 2638 nec
1409 2623 1454 2638 non
1465 2618 1620 2639 instrumento
1631 2619 1793 2640 ratificationis
1809 2619 1869 2640 facte
1881 2626 1921 2645 per
1932 2626 1999 2641 vene-

1119 2662 1190 2682 rabile
1212 2662 1345 2687 Capitulum
1369 2662 1481 2683 Generale
1496 2663 1582 2684 iactum
1599 2664 1627 2684 dc
1643 2669 1703 2684 anno
1724 2664 1827 2690 proxime
1848 2665 1961 2690 preterito
1977 2666 1998 2685 in

1118 2706 1212 2727 civitate
1228 2706 1354 2727 Mediolani
1371 2708 1394 2727 ut
1411 2708 1504 2728 constat
1524 2707 1724 2728 1115111111161110,Η
1742 2707 1789 2728 iicri
1806 2710 1888 2734 rogato
1905 2714 1944 2734 per
1960 2709 1999 2728 do-

1120 2751 1204 2771 ininnm
1221 2750 1392 2772 christoforum
1409 2751 1436 2772 de
1452 2750 1534 2772 Ghiliis
1549 2752 1664 2772 notarium
1686 2745 1890 2773 mediolanensem.
