2305 3407
1920 196 1962 226 27

150 329 301 368 Mantua,
326 329 426 361 frater
452 329 645 360 Ludovicus
671 329 712 361 de
739 328 861 367 Axula,
886 328 987 361 frater
1012 327 1132 360 Petrus
1157 327 1285 360 Paulus
1310 328 1350 359 de
1377 327 1493 368 Papia,
1519 327 1619 360 trater
1645 327 1749 369 Syrus
1775 329 1815 360 de
1841 328 1960 361 Caxali

150 392 323 429 beltramo,
349 391 448 423 frater
484 389 731 423 Constantinus
757 392 797 423 de
823 390 943 423 Caxali
982 391 1095 429 bodio,
1133 390 1234 422 frater
1270 390 1435 422 lohannes
1472 390 1513 421 de
1546 388 1666 422 Caxali
1693 391 1826 429 evaxio,
1864 391 1963 422 trater

150 453 276 486 Paulus
303 454 343 486 de
371 453 639 487 Redondesco....
666 454 722 493 qui
749 453 877 485 faciunt
903 453 970 485 fere
997 455 1101 485 totum
1127 454 1159 484 et
1185 453 1348 493 integrum
1375 451 1582 493 Capitulum,
1607 454 1756 484 ri‘cevono
1782 453 1839 484 dal
1854 453 1962 484 nobile

148 516 291 548 Antonio
317 515 504 552 Fiamberli,
532 514 585 546 del
601 514 643 555 fu
671 514 840 551 Gt'ucomo,
872 515 988 556 florini
1021 516 1073 551 50,
1113 524 1200 556 quos
1225 515 1282 546 dat
1318 517 1349 546 et
1387 515 1486 546 tradit
1520 515 1710 555 implicatos
1738 516 1767 546 in
1795 525 1861 546 uno
1887 516 1963 546 ficto

149 580 312 619 perpetuo
338 578 515 609 sachorum
541 577 684 608 duorum
710 577 877 615 furmenti,
903 578 994 618 quod
1021 578 1132 610 fictum
1159 578 1256 609 datur
1281 580 1311 608 et
1337 579 1503 618 prestatur
1529 587 1587 618 per
1613 577 1816 609 Antoninum
1843 580 1873 609 et
1892 576 1963 610 Ste-

149 640 299 672 {aninum
325 639 442 671 fratres
467 640 508 671 de
534 638 682 671 Salvinis
709 639 914 671 habitatores
941 640 1004 672 loci
1039 640 1250 672 Montisverii
1278 640 1318 671 de
1345 640 1437 672 Ultra
1465 639 1593 671 Padum
1631 639 1820 672 Comitatus
1859 640 1962 680 Papie

148 711 189 734 ex
216 703 305 742 petia
332 711 397 733 una
422 704 506 733 terre
532 701 654 733 cultive
681 703 907 742 perticliarum
934 702 989 734 XII
1016 703 1078 734 site
1105 703 1135 734 in
1162 703 1252 734 dicto
1277 702 1488 734 territorio...
1516 702 1555 733 Et
1581 703 1643 733 hoc
1670 703 1700 733 in
1727 703 1961 742 exequucione

147 766 178 796 et
203 764 448 796 observacione
473 765 705 795 contentorum
733 765 763 795 in
791 765 1012 796 instrumento
1038 765 1264 813 obligacionis
1290 773 1348 796 seu
1376 765 1614 805 promissionis
1646 765 1735 796 aliax
1763 767 1879 805 rogato
1905 774 1963 806 per

148 826 366 858 Baldasarem
393 825 434 857 de
461 825 662 867 Imperatore
679 824 741 867 (1).

866 1027 1247 1068 DCLXXXIII.

236 1135 429 1164 Iscrizione
456 1136 549 1164 nella
575 1136 745 1172 Cappella
772 1136 806 1164 di
833 1137 868 1165 S.
896 1136 1023 1164 Nicola
1048 1136 1091 1164 da
1117 1135 1306 1164 Tolentino
1333 1145 1351 1164 a
1378 1137 1413 1164 S.
1441 1136 1622 1165 Mostiola.

724 1258 887 1289 1305,
917 1259 1269 1289 11ox⁷el1110r<29
1298 1258 1387 1283 233.

700 1346 757 1367 Eibl.
775 1346 840 1367 Univ.
858 1346 879 1366 di
897 1345 974 1366 Pavin.
991 1357 1015 1359 —
1031 1346 1057 1367 G.
1075 1346 1154 1370 BOSSl,
1171 1346 1349 1372 lusci-[priorum
1367 1351 1426 1367 nisit.

218 1531 336 1647 Α

392 1547 416 1574 D
443 1542 476 1576 S.
502 1543 692 1575 Mostrblam
708 1553 717 1574 :
742 1544 773 1574 in
799 1543 927 1583 capella
952 1543 1060 1574 sancti
1082 1543 1218 1574 Nscolai
1240 1544 1280 1575 de
1310 1544 1490 1575 Tolentino.

502 1606 758 1637 Monumentum
784 1607 815 1636 et
840 1614 896 1636 ara
923 1605 1050 1636 isthaec
1077 1605 1156 1636 divo
1182 1605 1324 1637 Nicolao
1351 1605 1556 1637 Tolentinati
1583 1607 1692 1638 dicata
1729 1608 1892 1647 auspiciis
1919 1617 1967 1639 re-

318 1653 384 1705 m!
412 1669 499 1710 gitur
524 1668 624 1699 nobis
649 1668 796 1699 familiae
822 1667 872 1699 De
899 1667 1009 1700 Piscia
1035 1677 1076 1699 ex
1092 1677 1158 1708 qua
1174 1670 1273 1699 natus
1299 1670 1349 1699 est
1375 1669 1628 1709 egregiusiuris
1644 1670 1818 1710 utriusque
1845 1670 1961 1701 doctor

144 1704 315 1762 Iohannes
336 1730 504 1762 Antonius
531 1731 562 1762 in
589 1740 629 1763 eo
655 1731 741 1762 situs
766 1731 809 1762 23
835 1730 1030 1762 novembris
1057 1729 1155 1762 MDV
1174 1727 1235 1770 (2).

216 1897 246 1921 (l)
261 1896 311 1922 Agit
329 1898 349 1917 11
367 1896 472 1918 tebhraio
489 1898 547 1923 1505,
563 1903 606 1918 con
621 1899 671 1918 atto
687 1897 709 1917 di
726 1897 875 1918 Bartolomeo
898 1897 972 1923 Toppi
984 1914 989 1922 ,
1011 1897 1025 1918 il

149 1940 302 1962 Procuratore
318 1941 339 1961 di
355 1941 378 1962 S.
396 1941 467 1962 Paoio
483 1941 541 1963 irate
567 1942 685 1963 Bernardo
701 1942 729 1962 da
746 1942 816 1963 Pavia
841 1942 916 1962 riceve
932 1942 960 1962 da
977 1941 1027 1963 Raf-

151 1985 209 2006 laele
226 1985 341 2011 ssinascni,
367 1986 425 2006 della
452 1987 575 2012 parocchia
592 1987 612 2007 di
630 1986 651 2007 S<
669 1987 786 2011 Teodoro,
810 1987 849 2007 lire
871 1987 897 2007 30
920 1987 1031 2012 imperiali

145 2035 190 2056 pro
204 2032 274 2056 parte
290 2031 420 2051 solucionis
435 2037 476 2052 seu
493 2031 574 2052 saltim
590 2031 794 2057 compensaciunis
810 2031 868 2052 delle
884 2031 924 2052 lire
942 2031 979 2052 150
998 2031 1028 2052 le-

149 2075 202 2099 gate
212 2074 233 2094 al
245 2073 367 2095 Convento
383 2074 419 2095 dal
435 2074 458 2095 iu
475 2075 595 2095 Leonardo
612 2075 715 2096 Belbello
730 2075 807 2099 (Arcu.
820 2075 918 2097 Notas.»

204 2118 229 2138 Αἰ
245 2118 270 2138 20
286 2119 410 2139 novembre
426 2119 462 2139 del
480 2119 537 2144 1505,
554 2119 558 2139 i
574 2119 657 2140 fratelli
681 2119 784 2140 Landolli
801 2120 819 2140 si
835 2120 938 2140 liberano
954 2119 982 2140 da
999 2125 1028 2140 un

150 2167 220 2182 censo
236 2164 350 2188 perpetuo
366 2163 387 2183 di
403 2163 443 2184 lire
458 2163 478 2188 6,
502 2163 609 2189 pagando
625 2164 646 2184 al
662 2163 770 2189 Capitolo
793 2170 833 2189 per
848 2164 869 2184 la
885 2164 1029 2190 cappellania

152 2206 188 2226 dei
204 2207 264 2227 santi
280 2206 365 2227 Cosma
381 2212 393 2227 e
409 2207 522 2228 Damiano
537 2208 578 2228 lire
595 2208 645 2231 192.
669 2208 772 2229 secondo
787 2208 801 2228 il
817 2208 925 2233 disposto
940 2208 975 2228 :iel
991 2208 1031 2228 do-

151 2252 260 2271 cumento
276 2256 296 2271 n.
315 2250 382 2272 Deli.
399 2251 483 2272 L'atto
499 2251 510 2272 *e
526 2254 608 2277 rogato
624 2252 661 2272 dal
677 2253 756 2273 notaio
773 2252 867 2273 Daniele
883 2252 940 2273 Valli
952 2253 1029 2275 (Arch.

154 2294 268 2320 Notat.);
293 2295 321 2315 ed
343 2295 357 2315 il
380 2295 488 2321 Capitolo
511 2296 522 2316 e
544 2297 667 2321 composto
690 2296 725 2316 del
749 2296 827 2317 Priore
848 2296 874 2317 tr.
901 2296 1028 2317 Francesco

152 2338 236 2359 Astolti
252 2338 273 2359 di
291 2338 368 2365 l’avia,
385 2339 412 2360 ed
432 2340 534 2360 ottrecne
550 2339 571 2360 di
588 2340 656 2366 quelli
679 2340 789 2361 nominati
806 2341 841 2361 nel
857 2342 938 2361 nostro
960 2340 1029 2361 docu-

154 2383 231 2403 mento
247 2382 282 2403 del
300 2383 322 2403 17
337 2384 470 2409 novembre,
487 2389 553 2404 meno
569 2383 595 2404 11.
612 2384 683 2404 Paolo
699 2384 727 2404 da
744 2384 821 2409 l'avia,
838 2384 873 2405 dei
895 2384 947 2405 frati
970 2384 1027 2406 Gian

154 2425 231 2447 pietro
246 2426 274 2447 da
291 2426 369 2452 l’avia,
392 2427 492 2448 Pacifico
507 2428 536 2448 da
552 2428 670 2452 Gari-asco,
693 2428 806 2453 Agostino
822 2429 851 2449 da
866 2428 1028 2454 Castellazzo,

154 2470 275 2491 Valentino
290 2471 319 2492 da
335 2471 413 2496 Pavia,
430 2471 559 2493 Benedetlo
574 2472 602 2493 da
620 2472 687 2493 Pieve
703 2472 739 2493 del
755 2472 823 2493 Cairo
834 2479 846 2493 e
866 2472 961 2493 Paolino
977 2473 1030 2494 Bre-

153 2514 240 2539 sciarm,
256 2516 297 2536 che
313 2515 324 2536 e
339 2515 401 2536 forse
418 2515 488 2537 Paolo
504 2516 532 2537 de
544 2516 704 2542 Redondesco,
716 2517 824 2542 villaggio
835 2517 894 2537 della
910 2517 1028 2542 provincia

154 2558 176 2580 di
192 2559 292 2580 Brescia

207 2604 233 2625 Αἰ
248 2604 274 2625 26
289 2606 414 2626 novembre
429 2606 488 2626 irate
503 2606 560 2627 Gran
578 2605 654 2627 pietro
670 2606 698 2627 da
716 2606 784 2627 Pavia
807 2607 882 2627 riceve
904 2606 941 2627 dal
963 2608 1031 2628 conte

154 2648 269 2670 Galeazzo
286 2650 393 2671 sseccaria
409 2650 444 2671 del
460 2650 483 2671 tu
499 2650 637 2677 Gerolamo,
661 2653 738 2672 tutore
753 2651 774 2672 di
792 2651 894 2677 Pompeo
917 2651 1025 2672 Beccaria

154 2693 190 2714 del
206 2693 229 2714 111
245 2694 374 2719 Mantretlo,
390 2695 430 2715 lire
445 2695 471 2715 60
486 2695 606 2721 imperiali,
622 2696 717 2717 lasciate
732 2696 769 2716 dal
785 2696 896 2717 snddetto
907 2695 1029 2717 Mantredo

155 2743 168 2758 a
183 2737 241 2759 frate
256 2738 313 2759 Gian
330 2738 407 2760 pietro
422 2744 465 2760 suo
488 2739 636 2765 Contessore,
652 2739 681 2761 da
696 2739 839 2766 dispensarsi
860 2740 883 2760 in
903 2740 1028 2761 elemosine

155 2787 167 2803 a
183 2787 226 2803 suo
241 2783 345 2804 arbitrio.
362 2783 439 2805 L’atto
455 2783 466 2804 ὲ
477 2784 513 2805 del
524 2784 603 2805 notaio
618 2784 713 2810 Giorgio
729 2784 1028 2809 Belbello(Arcl1.Notar.)i

210 2827 250 2849 Nel
266 2827 346 2854 Bossi,
362 2834 404 2850 ms.
421 2829 479 2850 Bibi.
495 2829 571 2855 Univ.,
587 2829 599 2850 e
615 2829 730 2851 ricordata
754 2831 819 2851 sotto
841 2829 988 2856 quesi’anno
1010 2830 1030 2851 la

1081 1899 1193 1923 segnente
1209 1897 1339 1923 iscrizione,
1355 1898 1396 1918 elie
1412 1904 1449 1918 era
1466 1898 1524 1919 nella
1540 1898 1651 1924 Cappella
1668 1898 1689 1919 di
1705 1898 1727 1919 S.
1745 1898 1824 1919 Nicola
1840 1898 1868 1919 da
1880 1899 1962 1919 Tolen⁴

1082 1942 1139 1962 tino:
1156 1941 1290 1967 Sepulcrum
1307 1942 1445 1967 spectabilis
1467 1942 1557 1963 dnnn'ni
1575 1942 1738 1963 Bartlmlmnei
1754 1943 1782 1963 de
1799 1942 1902 1963 Olerom»
1924 1943 1961 1964 cle-

1085 1986 1162 2012 stmcli
1178 1992 1241 2007 mino
1256 1986 1354 2007 Domini
1369 1986 1445 2009 MDv.
1463 1987 1500 2007 dii·
1517 1987 1549 2008 IV
1563 1987 1630 2008 lunii.

1136 2031 1166 2055 (2)
1181 2031 1237 2052 Vedi
1253 2032 1298 2052 vol⁴
1316 2031 1339 2055 1..
1357 2031 1408 2052 doc.
1421 2037 1441 2051 n.
1458 2031 1511 2056 CX;
1527 2037 1538 2052 e
1555 2032 1600 2052 vol,
1618 2032 1642 2054 11.
1659 2032 1709 2053 doc.
1727 2038 1747 2052 11.
1765 2032 1881 2053 CCXXlll.
1906 2033 1961 2053 Tro-

1081 2075 1157 2096 viamo
1173 2075 1248 2096 intatti
1265 2076 1305 2096 clle
1321 2076 1334 2095 il
1351 2076 1427 2096 nobile
1446 2075 1538 2096 dottore
1562 2076 1582 2096 in
1606 2078 1706 2102 utroque
1729 2076 1786 2097 Gian
1811 2077 1911 2097 Antonio
1934 2078 1961 2098 (Ic

1083 2119 1176 2145 Pessra,
1192 2126 1234 2140 con
1258 2121 1308 2140 atto
1325 2120 1360 2140 del
1377 2120 1455 2140 notaio
1478 2120 1582 2141 Cnrrado
1605 2120 1686 2142 Rovati
1702 2121 1722 2141 ai
1738 2122 1750 2141 4
1766 2121 1787 2141 di
1810 2122 1903 2142 ottobre
1926 2121 1961 2142 del

1087 2164 1144 2189 1505,
1160 2163 1181 2184 ia
1197 2164 1211 2184 il
1227 2169 1270 2184 suo
1286 2166 1436 2189 testamento,
1452 2164 1487 2184 col
1503 2165 1571 2190 quale
1587 2165 1671 2190 sceglie
1688 2171 1727 2190 per
1743 2165 1762 2185 ln
1779 2170 1820 2186 sun
1841 2166 1961 2191 sepultura

1085 2208 1106 2228 la
1122 2208 1201 2228 tomba
1217 2208 1333 2233 gentilizia
1349 2209 1407 2228 nella
1423 2209 1528 2234 cappella
1544 2209 1565 2229 di
1582 2208 1604 2229 S.
1622 2209 1701 2229 Nicola
1717 2209 1744 2229 da
1762 2209 1883 2230 Tolentino
1900 2210 1921 2230 in
1937 2210 1959 2231 S.

1086 2252 1206 2277 Mostiola,
1222 2258 1234 2272 e
1250 2252 1318 2273 vuole
1334 2258 1411 2273 essere
1427 2252 1456 2273 ivi
1472 2253 1565 2278 sepono
1588 2253 1675 2279 absque
1697 2254 1849 2274 solemnitate
1871 2254 1959 2280 aliqua

1085 2296 1155 2316 Item:
1171 2297 1277 2322 gravavit
1293 2298 1314 2317 et
1330 2298 1411 2322 gravat
1428 2297 1594 2317 monasterium
1617 2299 1697 2318 sancte
1719 2298 1856 2318 Mustiole..⁴
1881 2298 1910 2318 ad
1926 2304 1961 2319 ce-

1084 2341 1245 2361 lebrandum...
1262 2341 1322 2361 omni
1347 2347 1407 2361 anno
1422 2341 1451 2362 ad
1474 2341 1558 2362 dictam
1584 2342 1705 2363 ecclesiam
1728 2342 1829 2363 officinm
1855 2349 1924 2364 unum
1947 2350 1960 2364 a

1084 2386 1190 2409 mortuis,
1206 2391 1257 2406 cum
1274 2386 1350 2406 missis
1366 2386 1488 2407 duodecim
1504 2388 1525 2407 et
1543 2387 1707 2408 missamunam
1724 2388 1745 2408 in
1760 2390 1829 2408 cantu
1849 2393 1900 2409 cum
1917 2388 1962 2409 lae-

1084 2430 1158 2451 taneis
1173 2432 1195 2450 et
1211 2431 1254 2451 hoc
1270 2430 1290 2450 in
1307 2431 1465 2451 remissionem
1483 2432 1631 2456 peccatorum
1643 2432 1717 2457 ipsius
1728 2432 1814 2452 domini
1826 2433 1959 2457 testatoris,

1084 2476 1106 2495 et
1122 2474 1165 2500 ipsi
1182 2474 1264 2495 iratres
1277 2476 1398 2496 teneantur
1410 2481 1495 2500 ponere
1506 2481 1581 2496 cerain
1593 2481 1635 2501 pro
1646 2476 1709 2497 dicto
1720 2476 1797 2497 otlicio
1812 2477 1958 2498 celebrando,

1085 2518 1111 2539 Et
1127 2524 1169 2544 pro
1185 2519 1247 2539 tlicto
1263 2519 1339 2540 oilicio
1355 2519 1493 2540 celebrando
1508 2520 1593 2545 legavit
1609 2521 1631 2541 et
1643 2521 1704 2546 legat
1715 2520 1777 2541 dicto
1788 2522 1911 2542 conventui
1924 2522 1960 2542 tic-

1084 2564 1133 2583 tum
1149 2569 1218 2584 unum
1234 2564 1342 2584 librarum
1359 2564 1456 2585 duarum
1472 2565 1494 2585 et
1509 2565 1628 2585 soldorum
1645 2566 1698 2585 octo
1709 2565 1769 2585 omni
1781 2566 1959 2590 annmdandinn

1073 2608 1095 2627 et
1111 2607 1248 2628 solvendum
1264 2613 1304 2633 per
1319 2608 1480 2634 inti-ascriptos
1502 2609 1552 2629 eius
1574 2609 1671 2630 heredes
1682 2614 1774 2635 semper
1788 2609 1810 2630 in
1827 2609 1870 2631 line
1881 2611 1959 2631 anni...

1081 2651 1163 2673 ltem...
1179 2652 1218 2673 dat
1234 2654 1256 2673 et
1272 2653 1333 2678 legat
1349 2653 1508 2679 suprascripte
1524 2653 1620 2674 ecclesie
1635 2656 1715 2675 sancte
1730 2654 1842 2675 Mustiole
1866 2656 1960 2680 pallium

1085 2702 1154 2717 unum
1170 2697 1197 2717 de
1213 2698 1263 2717 seta
1279 2697 1364 2718 valoris
1379 2697 1519 2718 florenorum
1535 2698 1614 2719 decem
1630 2700 1652 2719 et
1668 2699 1711 2719 hoc
1733 2704 1774 2724 pro
1797 2699 1901 2720 ornando
1925 2706 1961 2720 ea-

1084 2741 1167 2767 pellam
1182 2741 1286 2767 ipsorum
1302 2742 1330 2762 de
1346 2741 1412 2763 Pesia
1428 2742 1472 2763 sub
1487 2743 1601 2763 vocabulo
1616 2744 1696 2763 sancte
1711 2743 1785 2763 Marie
1800 2745 1822 2764 et
1839 2744 1881 2764 hoc
1903 2744 1960 2765 intra

1086 2790 1176 2806 menses
1191 2786 1239 2806 tres
1255 2786 1358 2811 proxime
1374 2785 1465 2807 tuturos
1480 2792 1492 2807 a
1509 2788 1582 2807 morte
1598 2787 1672 2812 ipsius
1687 2787 1773 2808 domini
1789 2788 1918 2809 testatoris.
