2305 3407
303 141 368 172 210

1034 318 1386 360 DCCCXCIX.

391 441 418 468 11
445 440 566 469 Priore
594 439 768 468 Gener-ale
795 440 884 467 frate
911 438 1100 466 Gerolamo
1139 437 1336 473 Seripando
1373 445 1530 473 approva
1557 437 1588 464 le
1615 435 1856 464 Convenzioni
1883 439 1937 463 tra
1963 435 2008 471 gli
2036 435 2120 462 Ere-

303 494 429 522 mitani
455 494 497 522 ed
524 494 533 522 i
560 493 729 522 Canonici
756 491 929 528 Regolari,

910 586 1050 611 1343
1061 602 1074 614 ,
1107 585 1372 611 ἰθ1)1)ι·ειίυ
1384 600 1397 617 9
1431 587 1508 610 10.

904 684 981 707 (Arcu.
998 684 1034 704 del
1050 683 1172 705 Convento
1189 683 1209 704 di
1226 682 1248 704 S.
1266 683 1380 708 Agostino
1397 683 1418 703 di
1436 682 1523 703 [ἀνίην.

417 880 462 995 Ι
554 897 644 924 ESUS
669 890 837 924 Christus.
865 891 977 922 Frater
1003 891 1229 932 Hyeronimus
1270 889 1519 930 Neapolitanus
1560 887 1700 920 Ordinis
1737 888 1979 920 Heremitarum
2018 889 2126 920 sancti

577 955 756 995 Augustini
784 953 878 985 Prior
904 953 1072 994 generalis
1110 953 1271 993 indignus
1313 952 1565 983 venerabilibus
1590 954 1622 983 et
1648 951 1748 983 nobis
1775 952 1805 982 111
1833 950 1970 984 Christo
1995 951 2128 983 dilectis

347 1054 350 1055 ⁷
436 1053 477 1055 4
578 1017 682 1048 Priori
709 1019 740 1048 et
767 1015 925 1047 Patribus
950 1017 1141 1047 conventus
1167 1015 1271 1046 nostri
1298 1015 1403 1046 sancti
1431 1014 1612 1055 Augustini
1643 1014 1820 1054 papiensis
1849 1014 1992 1045 salutem
2012 1014 2043 1044 in
2063 1012 2131 1045 Do-

310 1081 400 1111 mino
441 1081 690 1120 sempiternam.
733 1077 833 1116 Quod
860 1078 917 1109 diu
944 1086 962 1108 a
989 1077 1090 1108 nobis
1126 1079 1278 1117 optatum
1305 1079 1356 1108 est
1381 1079 1412 1108 et
1438 1077 1589 1108 assiduis
1615 1077 1704 1107 votis
1729 1078 1761 1107 et
1788 1076 1945 1116 precibus
1970 1084 1988 1107 a
2014 1075 2130 1107 divina

309 1142 486 1174 clementia
513 1142 732 1182 postulatum,
760 1144 794 1172 ut
820 1141 904 1171 inter
930 1148 993 1171 vos
1018 1142 1049 1171 et
1076 1140 1280 1171 reverendos
1321 1140 1480 1170 dominos
1520 1137 1715 1171 Canonicos
1753 1139 1860 1170 sancti
1887 1137 1974 1169 Petri
2002 1139 2032 1169 in
2059 1138 2130 1169 celo

311 1213 424 1242 aureo,
451 1205 543 1236 firma
570 1204 736 1244 quaedam
763 1205 793 1234 et
820 1203 953 1235 stabilis
980 1203 1010 1233 in
1039 1201 1185 1233 Domino
1211 1202 1402 1239 concordia,
1429 1201 1542 1242 quoad
1568 1210 1607 1232 ea
1634 1209 1719 1241 quae
1745 1201 1786 1232 ad
1813 1201 1964 1231 divinum
2005 1200 2130 1232 cultum

311 1268 453 1298 attinent
478 1269 509 1298 et
535 1267 665 1307 reliqua
690 1266 814 1303 omnia,
842 1266 873 1296 in
900 1266 1026 1305 quibus
1053 1264 1113 1297 i'uti
1141 1265 1296 1296 homines
1322 1272 1441 1295 sumus
1467 1260 1602 1301 omnes)
1638 1263 1780 1294 antehac
1807 1271 1872 1293 non
1899 1263 1984 1294 bene
2010 1271 2134 1294 conve-

312 1330 468 1366 niebatis,
496 1329 527 1360 id
555 1338 652 1366 nunc,
680 1331 714 1359 ut
740 1337 781 1359 ex
809 1328 931 1359 vestris
973 1328 1078 1358 literis
1118 1327 1323 1367 accepimus,
1351 1326 1410 1357 rite
1436 1324 1583 1357 Domino
1609 1326 1803 1363 adiuvante,
1829 1325 1886 1365 qui
1912 1325 1990 1356 facit
2016 1333 2132 1366 pacem

312 1393 343 1422 in
371 1392 586 1429 sublimibus,
614 1390 798 1431 perfectum
825 1399 901 1422 esse
927 1390 1141 1421 veliementer
1166 1389 1366 1430 gaudemus,
1393 1391 1424 1419 et
1450 1391 1593 1428 protam
1622 1396 1744 1428 magno
1770 1387 1905 1418 divinae
1924 1387 2134 1419 liberalitatis

314 1454 485 1491 benefitio,
513 1454 667 1494 ingentes
693 1453 858 1484 bonorum
885 1453 1034 1483 omnium
1061 1452 1169 1483 datori
1196 1451 1322 1492 gratias
1347 1451 1502 1491 agimus..
1530 1449 1640 1490 Atque
1667 1451 1701 1481 ut
1727 1450 1758 1480 in
1785 1450 1837 1481 liis
1864 1450 1904 1480 de
1930 1449 2054 1490 quibus
2079 1458 2136 1481 co-

314 1517 404 1547 muni
432 1518 580 1547 vestrum
608 1516 756 1546 omnium
783 1524 953 1546 consensu
979 1514 1200 1551 convenistis,
1227 1513 1316 1544 nulla
1343 1514 1503 1553 quantum
1530 1513 1572 1543 ad
1599 1520 1662 1543 nos
1687 1513 1814 1551 attinet,
1833 1512 1909 1543 oriri
1929 1511 2039 1552 possit
2055 1520 2136 1543 con-

313 1579 490 1615 troversia,
518 1578 607 1609 nulla
634 1578 768 1614 seditio,
796 1577 983 1618 proculque
1008 1577 1120 1608 omnis
1145 1585 1163 1608 a
1190 1576 1290 1607 vobis
1315 1575 1463 1606 facessat
1503 1574 1676 1612 tumultus,
1703 1575 1931 1615 praesentium
1959 1576 2073 1606 tenore
2100 1574 2137 1605 li-

314 1643 469 1677 terarum,
497 1641 671 1680 nostrique
698 1639 801 1671 officii
829 1639 1040 1676 auctoritate,
1066 1639 1178 1669 onmia
1206 1647 1292 1678 quae
1318 1647 1377 1678 per
1402 1646 1465 1669 vos
1491 1638 1618 1668 ratione
1645 1637 1745 1668 liuius
1781 1637 1983 1668 concordiae
2008 1639 2081 1668 acta
2106 1638 2138 1668 et

315 1703 448 1734 decreta
475 1706 563 1738 sunt,
590 1702 841 1739 confirmamus,
871 1702 1105 1742 approbamus
1130 1703 1161 1732 et
1188 1703 1256 1733 rata
1282 1709 1359 1732 esse
1401 1700 1569 1738 volumus,
1596 1701 1627 1731 111
1655 1700 1789 1731 nomine
1816 1699 1926 1731 Patris
1951 1702 1982 1731 et
2009 1699 2080 1731 Filii
2107 1701 2138 1731 et

315 1764 461 1805 Spiritus
487 1765 607 1801 sancti,
635 1764 750 1795 Amen.
779 1764 985 1795 Mandamus
1010 1766 1120 1794 autem
1148 1762 1247 1795 vobis
1274 1763 1305 1794 in
1333 1763 1483 1794 meritum
1510 1764 1647 1793 sanctae
1665 1762 1879 1793 obedientiae
1905 1764 1935 1793 et
1962 1762 2026 1793 sub
2052 1770 2138 1802 pena

316 1830 426 1858 vestre
453 1827 650 1858 rebellionis
677 1836 715 1857 ne
743 1827 823 1866 quid
850 1826 1017 1857 adversus
1045 1826 1129 1857 iacta
1155 1826 1391 1857 sanctissimae
1417 1825 1511 1865 pacis
1537 1827 1567 1856 et
1594 1825 1730 1856 unitatis
1748 1824 1967 1856 fundamenta
1993 1825 2138 1862 tentetis,

316 1889 376 1920 sed
404 1889 566 1920 inviolata
593 1889 828 1920 sanctissimae
846 1888 997 1919 caritatis
1015 1890 1045 1919 et
1065 1888 1320 1919 benevolentiae
1346 1887 1482 1919 foedera
1508 1888 1729 1919 conservetis.
1748 1886 1848 1925 Quod
1867 1888 1967 1919 ctiam
1987 1889 2138 1919 nostrum

318 1954 533 1991 praeceptum
560 1951 601 1982 ad
629 1959 689 1982 eos
715 1960 834 1981 omnes
860 1950 1087 1987 extendimus,
1114 1950 1170 1990 qui
1199 1950 1229 1980 in
1256 1952 1423 1981 conventu
1452 1950 1516 1981 isto
1543 1952 1658 1981 nostro
1674 1950 1938 1981 morabunturin
1955 1952 2138 1990 posterum.

318 2012 434 2044 Valete
461 2013 491 2043 in
520 2012 666 2043 Domino
692 2015 724 2044 et
750 2021 882 2044 summa
908 2012 1096 2043 animorum
1123 2012 1346 2043 consentione
1373 2011 1519 2043 Domino
1545 2012 1675 2043 canite:
1717 2011 1802 2043 Ecce
1829 2021 1929 2052 quam
1956 2012 2080 2043 bonum
2107 2013 2139 2043 et

319 2084 419 2115 quam
448 2076 632 2106 iucundum
661 2075 812 2106 habitare
839 2074 959 2106 fratres
986 2075 1016 2105 in
1044 2084 1158 2105 unum.

408 2137 530 2169 Datum
559 2137 695 2175 Romae,
723 2138 753 2168 in
781 2136 960 2170 Conventu
988 2140 1104 2169 nostro
1129 2138 1236 2169 sancti
1256 2137 1447 2177 Augustini,
1474 2137 1528 2168 die
1555 2136 1582 2168 X
1610 2136 1792 2173 Februarii,
1819 2135 2000 2174 MDXLIll,
2034 2136 2138 2168 nostri

319 2199 420 2231 oflicii
448 2200 548 2231 solito
575 2200 639 2231 sub
666 2200 789 2239 sigillo,
817 2199 849 2231 F.
877 2199 976 2240 Hyer.
1003 2198 1042 2231 G.
1069 2197 1307 2241 indignus(l).

378 2358 436 2381 1553,
452 2357 489 2377 die
505 2357 530 2377 22
545 2356 676 2377 decembris
692 2357 713 2376 in
730 2357 844 2381 vesperis.

377 2401 514 2422 Convocato
530 2400 642 2425 Consilio,
658 2403 702 2421 ete.

378 2445 443 2466 Circa
459 2446 654 2471 supplicationem
672 2446 802 2471 porrectam
815 2451 855 2471 per
865 2445 949 2466 iratres
964 2444 1006 2465 sii
1024 2444 1087 2466 Pauli
1100 2445 1207 2465 ordinant

324 2490 387 2516 quod
403 2490 489 2510 (1111111111
507 2490 596 2511 ludices
613 2490 760 2511 Viciu-‘illium
777 2490 900 2511 restituere
917 2490 1017 2510 debeant
1032 2490 1102 2510 linum
1119 2489 1140 2510 111
1151 2489 1202 2515 ipsa

324 2534 497 2560 supplicatione
513 2534 657 2554 nominatum
674 2534 732 2559 ipsis
752 2535 887 2555 reverendis
899 2534 1026 2558 Fratribus,
1038 2536 1130 2554 attento
1142 2533 1204 2559 quod

325 2579 467 2599 conveniens
492 2584 536 2599 non
562 2581 596 2599 est
622 2579 684 2604 quod
702 2579 744 2604 ipsi
763 2579 855 2599 Fratres
880 2579 1000 2605 patiantur
1024 2579 1133 2599 damnum
1150 2578 1203 2604 quia

324 2624 409 2644 nullam
425 2624 518 2649 culpam
535 2624 628 2648 liabent,
645 2624 686 2644 sed
703 2623 766 2649 quod
782 2624 825 2649 ipsi
851 2623 937 2644 domiui
963 2623 1053 2644 ludices
1073 2623 1200 2648 procedant

326 2670 407 2689 contra
423 2668 485 2688 illum
502 2668 540 2693 qui
557 2668 643 2688 dietum
661 2668 730 2688 linum
748 2668 850 2693 portavit
867 2673 938 2693 super
954 2668 1045 2694 plateas
1060 2667 1088 2688 ad
1105 2668 1208 2688 debitam

326 2713 543 2734 comlemuationem
570 2713 633 2733 iuxta
658 2712 755 2733 formam
781 2713 990 2738 proclamationum
1007 2714 1029 2733 et
1046 2713 1152 2733 ordinum
1168 2718 1206 2733 511-

328 2757 422 2783 perinde
439 2757 621 2782 disponentium.

380 2803 410 2825 11)
427 2802 441 2822 11
460 2801 602 2822 documento
617 2802 628 2822 ι’.-
645 2802 756 2827 originale
772 2802 800 2822 ed
818 2803 845 2822 lia
861 2802 882 2822 la
899 2802 963 2822 lirina
979 2801 1102 2827 autograta
1114 2802 1207 2822 0111151-

327 2846 382 2871 gillo
398 2846 443 2866 ben
459 2848 607 2866 conservato.
625 2846 673 2867 Una
685 2846 752 2872 copia
769 2847 780 2867 ὺ
796 2846 944 2867 all'Arcliivio
960 2846 981 2866 di
998 2846 1066 2867 Staio
1081 2846 1103 2866 di
1119 2846 1207 2866 1111111110

328 2893 363 2911 tra
379 2891 399 2911 le
416 2896 554 2916 pergamenc
570 2890 591 2910 di
608 2890 630 2911 S.
649 2890 726 2911 l'ietro
743 2891 763 2911 111
780 2890 827 2912 Ciel
844 2891 923 2911 d'oro.
941 2890 983 2916 Qui
1000 2891 1012 2911 'e
1027 2891 1100 2912 anclie
1116 2896 1207 2911 conser-

329 2936 382 2956 vata
399 2936 418 2955 la
435 2936 548 2961 seguente
573 2936 656 2956 lettera
682 2935 717 2956 del
743 2935 855 2956 Generalc
878 2935 913 2956 dei
937 2935 1047 2956 Canoniei
1073 2934 1206 2956 Lateranesi

328 2980 388 3000 sullo
405 2981 483 3000 stesso
498 2981 653 3004 argomento:
670 2979 829 3005 111-011311μο105
854 2979 1008 3000 Bellissomus
1034 2979 1154 3005 papiensis
1170 2979 1208 3001 Rc-

328 3025 378 3044 ctor
394 3023 510 3049 generalis
525 3024 689 3045 canonicorum
707 3024 846 3049 regularium
869 3024 943 3045 sancti
966 3023 1089 3049 Augustini
1106 3023 1208 3049 Congre-

1256 2356 1358 2381 gationis
1374 2356 1528 2376 lateranensis
1544 2356 1718 2376 venerabilibus
1740 2356 1832 2376 dilectis
1854 2355 1922 2376 nobis
1937 2355 1958 2375 in
1975 2354 2068 2376 Christo
2085 2354 2138 2376 Pre-

1261 2400 1339 2426 pnsito
1364 2402 1386 2421 et
1412 2400 1530 2421 canonicis
1556 2400 1702 2426 regularibus
1727 2400 1861 2421 monasterii
1885 2399 1959 2420 sancti
1976 2399 2034 2425 petri
2050 2399 2071 2419 in
2087 2399 2137 2420 celo

1262 2450 1334 2465 aureo
1350 2445 1418 2470 papie
1433 2445 1533 2465 salutem
1549 2445 1571 2465 111
1588 2444 1694 2465 Domino.
1721 2444 1799 2470 Nuper
1822 2444 1890 2465 sicuti
1911 2444 1955 2464 tide
1971 2444 2039 2468 digna
2063 2448 2138 2464 asser-

1258 2489 1321 2510 tione
1345 2491 1423 2510 vestra
1449 2490 1596 2515 percepimus
1611 2490 1640 2510 ad
1655 2489 1773 2510 sedandas
1793 2489 1950 2510 dissentiones
1975 2489 2034 2509 inter
2057 2493 2100 2509 vos
2114 2490 2136 2509 et

1260 2534 1406 2554 venerabiles
1422 2533 1506 2555 tratres
1531 2534 1694 2554 ilereniitanos
1719 2534 1853 2554 monasterii
1869 2533 1943 2554 sancti
1959 2533 2082 2558 Augustini
2099 2537 2139 2558 pa—

1259 2578 1347 2604 piensis
1362 2579 1383 2599 in
1400 2579 1484 2599 divinis
1508 2579 1590 2600 offitiis
1615 2579 1768 2600 decantandis
1790 2579 1890 2604 aliisque
1912 2577 2050 2598 ceremoniis
2064 2577 2136 2598 cultui

1256 2623 1334 2643 divino
1350 2624 1464 2644 ordinatis
1480 2624 1518 2644 diu
1535 2624 1653 2649 subortas,
1669 2623 1748 2644 (edera
1764 2623 1864 2649 quedam
1880 2622 2004 2643 concordie
2012 2624 2034 2643 et
2046 2622 2138 2643 unionis

1263 2669 1380 2688 annuente
1397 2667 1445 2688 Deo
1470 2668 1541 2688 inliita
1566 2669 1619 2688 sunt
1636 2669 1657 2688 ct
1674 2667 1827 2688 conlirmata:
1853 2666 1915 2692 quod
1940 2672 1984 2686 non
2001 2666 2077 2686 mimis
2092 2665 2136 2692 ipsi

1261 2712 1415 2737 omnipotenti
1441 2711 1491 2732 Deo
1516 2713 1649 2737 pergratum
1675 2713 1718 2735 est,
1744 2716 1813 2736 quam
1836 2710 1904 2730 nobis
1926 2715 2075 2735 summopere
2091 2709 2138 2736 pla-

1260 2757 1331 2777 citum
1347 2757 1418 2781 atque
1435 2755 1473 2776 diu
1490 2757 1606 2781 optatum,
1621 2760 1663 2780 pro
1679 2760 1726 2780 quo
1742 2756 1788 2775 tam
1810 2753 2028 2774 111111111100111155111111
2044 2758 2137 2774 munere

1262 2801 1305 2826 ipsi
1322 2800 1446 2821 immortali
1464 2800 1513 2821 Deo
1528 2799 1616 2825 gratias
1637 2800 1743 2824 agentes,
1768 2804 1795 2819 ne
1818 2799 1917 2824 posthac
1933 2798 1954 2818 in
1971 2798 2013 2819 11115
2030 2803 2074 2824 que
2090 2799 2136 2818 tam

1262 2846 1324 2865 iusto
1340 2844 1417 2865 tedere
1433 2844 1576 2865 convenistis
1591 2848 1720 2864 consensus
1736 2843 1809 2863 nostri
1830 2842 1929 2863 deflectu
1946 2842 2137 2867 impedimentum

1261 2889 1358 2915 aliquod
1374 2890 1454 2915 presto
1469 2888 1589 2912 oneratur,
1615 2888 1682 2908 liuius
1698 2887 1777 2912 vigore
1793 2887 1927 2912 diplomatis
1943 2886 2084 2907 auctoritate
2100 2891 2139 2907 no-

1263 2935 1310 2955 stra
1327 2932 1488 2954 huiuscemodi
1514 2932 1592 2953 federa
1618 2938 1662 2957 quc
1686 2931 1797 2952 firmastis
1812 2932 1835 2952 et
1851 2931 1965 2957 quidquid
1981 2931 2002 2951 in
2019 2930 2052 2951 cis
2067 2930 2140 2951 conti—

1265 2980 1332 2999 netur
1357 2978 1473 3004 perpctuo
1497 2976 1638 2998 servandum
1653 2976 1815 3002 approbamus
1837 2977 1859 2996 et
1882 2975 2047 2997 confirmamus
2063 2975 2084 2996 in
2100 2980 2139 2996 no-

1264 3023 1323 3043 mine
1346 3023 1427 3044 sancte
1442 3023 1464 3043 et
1480 3021 1599 3042 individue
1624 3021 1754 3046 Trinitatis,
1779 3020 1855 3041 Patris
1879 3021 1902 3041 et
1927 3019 1976 3041 Filii
1999 3021 2022 3041 et
2037 3018 2140 3045 Spiritus
