2305 3407
925 336 1354 376 CMLXXXVII.

265 445 293 473 11
317 446 546 473 Procuratore
579 444 614 472 di
639 445 672 475 S.
699 444 871 480 Agostino
903 445 1019 473 riceve
1053 445 1074 473 1·
1091 445 1283 474 elemosina
1315 447 1406 475 delle
1432 448 1552 476 Messe
1585 448 1762 477 celebrate
1786 458 1846 485 per
1871 450 1902 478 le
1928 450 1994 478 due

179 506 395 544 cappellanie
420 507 455 535 di
481 507 516 536 S.
543 506 727 542 Agostino.

822 629 841 653 1
848 628 978 659 562,
1012 635 1231 661 112511'209
1264 630 1342 654 13.

718 744 795 764 ἸΑτεΙι.
813 743 893 764 Notar.
911 744 932 764 di
950 743 1027 764 Pavia.
1045 755 1069 758 —
1086 744 1133 765 Atti
1150 745 1171 765 di
1188 744 1246 765 Gian
1262 745 1351 770 Angelo
1367 744 1465 769 Sacchi).

196 873 199 928 ι
283 901 329 1016 Ι
417 920 448 965 ἸΝ
473 923 553 946 casa
577 915 744 946 Marmoni
767 918 798 947 in
832 915 1031 947 Parrocclu'a
1056 916 1091 947 cli
1114 915 1146 949 S.
1173 916 1216 948 M.
1243 917 1274 948 ιἰι
1301 915 1440 947 Pertica.
1474 915 1686 947 Venerabilis
1719 916 1877 948 dominus
1903 916 2003 948 frater

197 936 199 1050 1
446 977 610 1009 Nicolaus
643 986 703 1009 seu
736 977 856 1009 Nicola
889 978 930 1009 de
965 978 1065 1009 Lenta
1098 978 1138 1010 de
1177 977 1281 1019 Papia
1312 978 1411 1009 irater
1444 977 1623 1018 professus
1656 980 1687 1009 et
1719 987 1933 1010 commorans
1971 979 2001 1010 in

448 1040 651 1071 monasterio
677 1040 782 1071 sancti
811 1039 989 1081 Augustini
1017 1040 1132 1081 Papie,
1155 1042 1367 1081 procuratore
1392 1040 1445 1071 del
1461 1042 1630 1077 convento,
1649 1040 1798 1071 dt'cliiara
1816 1040 1850 1072 di
1866 1041 2004 1072 ricevere

183 1101 227 1132 da
260 1099 333 1133 Gio.
359 1100 504 1132 Ballista
529 1102 696 1133 Marinoni
719 1103 853 1134 nomine
879 1105 910 1134 et
936 1103 1009 1134 vice
1036 1103 1210 1134 reverendi
1237 1103 1364 1134 domini
1392 1102 1568 1143 presbiteri
1596 1101 1800 1134 Christofori
1819 1102 1860 1133 de
1877 1102 2003 1135 Rubeis

182 1162 382 1195 habitatoris
406 1164 553 1195 civitatis
579 1163 766 1195 Mediolani
798 1164 963 1204 capellani
991 1165 1255 1205 capellaniarum
1282 1165 1450 1196 ducalium
1477 1166 1542 1196 tam
1568 1166 1760 1196 constructe
1787 1165 1817 1195 in
1851 1165 2003 1196 sacristia

183 1225 326 1257 ecclesie
342 1225 459 1266 prefati
486 1227 692 1264 monasterii,
706 1235 806 1267 quam
827 1227 858 1258 in
876 1226 1088 1259 confessorio
1102 1228 1254 1259 eiusdem
1270 1227 1410 1258 ecclesie
1429 1227 1493 1258 sub
1508 1227 1676 1258 vocabulo
1690 1227 1795 1258 sancti
1813 1226 2004 1267 Augustini,

183 1288 239 1320 lire
267 1289 308 1321 18
322 1289 484 1329 imperiali
507 1298 567 1330 pro
594 1290 720 1330 integra
739 1292 769 1321 et
795 1290 932 1321 restanti
952 1290 1120 1321 solutione
1139 1290 1337 1321 ellemosine
1356 1298 1415 1320 seu
1436 1289 1600 1320 mercedis
1620 1298 1679 1329 per
1704 1289 1814 1329 ipsum
1830 1289 2003 1320 dominum

184 1351 394 1391 capellanum
414 1351 526 1382 debite
545 1354 575 1383 et
594 1353 761 1389 restantis,
780 1361 797 1383 a
816 1352 967 1383 calendis
993 1352 1119 1383 mensis
1138 1351 1279 1383 Ianuarii
1307 1352 1474 1392 presentis
1500 1351 1577 1382 anni
1608 1352 1690 1383 1562
1708 1353 1804 1389 retro,
1824 1352 2002 1382 missarum

187 1413 301 1444 dietim
328 1413 370 1444 ad
396 1413 504 1444 dictas
529 1414 680 1454 capellas
705 1423 764 1454 per
789 1415 898 1445 dictos
925 1415 1045 1446 tratres
1071 1414 1211 1454 predicti
1232 1414 1437 1451 monasterii,
1456 1414 1589 1444 nomine
1615 1414 1694 1445 dicti
1714 1414 1890 1454 presbiteri
1909 1412 2007 1445 Chri-

187 1474 304 1506 stofori
324 1483 362 1506 ac
389 1475 524 1507 nomine
550 1476 725 1507 reverendi
752 1476 877 1507 domini
897 1474 1087 1507 Constantii
1115 1476 1156 1507 de
1182 1474 1349 1508 Cardanis
1368 1476 1491 1516 pariter
1509 1475 1677 1516 capellani
1696 1484 1755 1506 seu
1775 1475 2005 1515 concapellani

184 1536 346 1568 dictarum
378 1537 654 1576 capellaniarum,
680 1538 921 1569 celebratarum
949 1547 966 1569 a
1000 1538 1099 1569 dictis
1118 1539 1270 1570 calendis
1298 1538 1475 1570 Ianuarii...
1502 1540 1599 1576 retro,
1622 1547 1682 1578 pro
1709 1540 1801 1578 parte
1827 1540 1937 1569 tamen
1963 1538 2006 1569 ad

185 1599 386 1631 solvendum
401 1602 559 1641 tangente
575 1600 726 1641 praefato
745 1601 884 1632 domino
903 1601 1090 1641 presbitero
1109 1599 1323 1633 Christoforo
1337 1601 1380 1632 ad
1406 1601 1568 1632 rationem
1583 1602 1614 1631 et
1632 1603 1826 1640 computum
1847 1600 2005 1631 librarum

185 1662 299 1693 decem
314 1664 346 1693 et
359 1664 436 1694 octo
462 1663 684 1703 imperialium
711 1663 846 1704 singulo
872 1672 994 1694 anno...
1021 1662 1132 1694 Item...
1152 1663 1314 1694 habuisse
1333 1664 1363 1694 et
1389 1663 1570 1702 recepisse,
1586 1663 1719 1693 nomine
1738 1664 1769 1693 et
1795 1662 1868 1693 vice
1888 1661 2007 1702 prefati

183 1724 358 1756 reverendi
373 1724 500 1756 domini
516 1723 706 1756 Constantii
725 1725 890 1765 capellani
909 1734 968 1756 seu
995 1724 1226 1766 concapellani
1242 1725 1327 1756 alias
1353 1724 1457 1756 libras
1476 1725 1691 1765 septuaginta
1710 1724 1796 1755 duas
1815 1724 2007 1764 imperiales

185 1795 315 1827 ...pro
340 1787 438 1827 plena
464 1789 495 1818 et
520 1788 647 1828 integra
673 1789 704 1819 et
730 1788 866 1819 restanti
893 1787 1068 1819 solucione
1084 1812 1090 1819 .
1106 1813 1112 1819 .
1128 1813 1156 1818 ..
1183 1787 1332 1828 predicte
1358 1787 1541 1818 elemosine
1567 1795 1626 1818 seu
1653 1787 1818 1818 mercedis
1843 1786 2006 1817 dictarum

184 1849 362 1880 missarum
388 1849 630 1881 celebratarum
657 1852 691 1881 ut
717 1858 853 1890 supra...
878 1850 920 1881 ad
939 1849 1141 1881 solvendum
1166 1851 1323 1890 tangente
1349 1858 1367 1881 a
1394 1850 1494 1881 dictis
1520 1849 1672 1881 calendis
1704 1849 1830 1880 mensis
1861 1848 2002 1880 Ianuarii

184 1912 352 1951 presentis
377 1912 455 1943 anni
486 1912 568 1943 1562
586 1914 682 1950 retro,
707 1912 750 1944 ad
776 1913 938 1944 rationem
965 1914 996 1944 et
1021 1914 1216 1953 computum
1244 1912 1402 1944 librarum
1430 1912 1608 1944 duodecim
1628 1912 1851 1952 imperialium
1871 1911 2006 1952 singulo

183 1981 282 2004 anno.
311 1972 438 2013 Questa
455 1974 597 2006 rIcevuta
616 1974 631 2005 ἑ
649 1974 819 2006 rilasciata
837 1974 922 2006 colla
940 1975 1130 2006 restrizione
1155 1975 1189 2006 di
1212 1983 1276 2006 non
1298 1974 1527 2015 pregiudIcare
1552 1974 1620 2005 alla
1652 1982 1761 2005 nuova
1787 1974 2008 2005 convenzione

242 2130 267 2151 Αἰ
285 2131 309 2151 13
322 2130 408 2156 Aprile,
424 2136 466 2151 con
482 2132 533 2151 atto
549 2130 570 2151 di
587 2130 699 2151 Giovanni
717 2131 817 2152 Antonio
836 2130 919 2157 Segna,
937 2131 996 2152 nella
1015 2137 1067 2152 cau-

187 2175 279 2196 celleria
295 2176 412 2196 vescovile
427 2175 448 2196 di
470 2175 548 2200 pavia,
566 2175 714 2196 l-lieronimus
729 2175 757 2196 de
773 2176 910 2196 Ferrariis...
927 2176 1032 2196 notarius
1048 2177 1071 2196 ct

186 2221 281 2240 exactor
295 2225 322 2240 ac
338 2222 502 2246 procurator..⁴
520 2220 606 2242 Revmi
623 2220 697 2245 patris
712 2222 734 2240 et
755 2220 820 2240 lllnii
836 2220 921 2240 domini
931 2220 1017 2240 domini
1034 2220 1065 2241 lo.

188 2265 313 2286 Hierommi
330 2265 357 2286 de
378 2264 463 2287 Rubeis
484 2265 593 2290 Episcopi
611 2265 765 2290 papiensis...
782 2265 891 2285 ‹Iiclziara
907 2270 989 2285 versus
1001 2270 1067 2285 vene-

186 2309 282 2330 rabilem
298 2309 416 2330 dominum
432 2309 526 2330 tratrem
543 2309 690 2330 Ambrosium
708 2309 735 2330 de
751 2309 839 2329 Bozula
850 2309 963 2329 sindicum
980 2310 1002 2329 et
1014 2314 1066 2334 pro-

186 2356 344 2375 curatorem...
361 2355 496 2375 monasterii
516 2354 590 2375 sancti
608 2354 671 2374 Pauli
688 2356 752 2374 extra
768 2355 789 2374 et
807 2359 879 2379 prope
896 2354 970 2374 menia
986 2353 1066 2379 l'apie,

187 2398 215 2419 de
230 2398 250 2418 la
267 2399 392 2419 vernabula
416 2398 551 2424 nuncupati,
568 2398 592 2419 cli
608 2399 707 2419 neewerc
723 2398 793 2418 libras
809 2398 910 2418 sedecim
934 2398 1066 2422 imperiales

187 2448 229 2469 pro
250 2448 321 2463 censu
344 2442 424 2463 debito
441 2443 592 2468 Episcopatui
615 2448 626 2463 a
643 2442 705 2463 festo
725 2443 798 2463 sancti
815 2442 864 2468 Syri
887 2442 939 2462 armi
962 2442 1065 2467 proxime

187 2487 291 2513 preteriti
313 2487 359 2508 1561
381 2489 456 2512 reti-0,
472 2487 501 2508 ad
522 2488 658 2512 computum
679 2487 776 2507 duarum
797 2487 906 2507 librarum
929 2486 1003 2507 thuris
1022 2492 1063 2506 seu

187 2531 273 2553 incensi
288 2532 380 2558 singulo
395 2537 482 2553 anno...
499 2532 562 2553 iuxta
578 2532 755 2553 couventionem
767 2531 835 2552 simul
852 2530 936 2551 iactam
953 2531 1029 2551 medio
1045 2532 1067 2551 et

185 2576 352 2597 intercessione
374 2576 494 2597 reverendi
514 2576 600 2597 domini
624 2576 706 2597 Vicarii
730 2576 877 2601 Episcopalis
897 2575 977 2601 Psipie,
997 2576 1019 2596 et
1039 2575 1068 2595 ad

186 2621 252 2641 cuius
263 2626 347 2642 census
358 2621 498 2642 solutionem
510 2621 629 2642 annuatim
646 2621 741 2641 indicto
757 2620 818 2641 testo
829 2620 903 2641 sancti
915 2619 964 2646 Syri
975 2621 1068 2640 tenetur

185 2665 273 2686 dictum
294 2666 460 2686 monasterium
481 2671 563 2686 versus
579 2665 666 2686 dictum
688 2665 858 2690 Episcopatum
879 2666 948 2690 prout
968 2665 1066 2689 apparet

186 2716 213 2731 ex
228 2710 293 2731 libris
308 2710 458 2731 censualibus
469 2710 498 2730 ad
515 2715 575 2736 quos
591 2710 669 2730 debita
685 2710 799 2730 habeatur
815 2709 905 2730 relatio.

239 2754 296 2775 Ai21
310 2754 382 2780 aprile
398 2754 411 2775 il
427 2753 547 2779 Consiglio
558 2754 580 2774 di
597 2753 748 2775 l'rovvisione
764 2754 834 2777 (arch.
847 2753 883 2774 del
899 2753 983 2773 Museo
993 2753 1066 2774 civico

187 2799 208 2819 di
224 2800 282 2820 stor.
294 2800 354 2824 patr.
370 2798 392 2819 di
409 2798 488 2824 Pavia,
504 2798 555 2819 Am·
570 2799 594 2819 di
610 2798 770 2824 Provvr‘sz'one,
787 2803 858 2824 paceo
873 2798 908 2818 22Ἰ
923 2797 1024 2818 delibera
1041 2797 1062 2817 di

185 2843 312 2865 concedere
327 2843 348 2864 al
363 2845 479 2864 convento
495 2843 516 2864 di
532 2843 554 2864 S.
573 2843 644 2864 paolo
660 2849 704 2864 una
720 2843 811 2864 offerta.

238 2887 263 2909 Αἰ
279 2888 305 2909 29
319 2887 390 2913 luglio
407 2887 457 2909 1562
471 2893 514 2908 con
530 2889 580 2908 atto
596 2887 617 2908 di
634 2887 710 2908 Mario
725 2887 838 2913 Guenzio,
854 2887 891 2908 dal
908 2886 987 2907 Priore
1003 2892 1014 2907 e
1026 2886 1063 2906 dal

185 2932 294 2953 Ministro
309 2931 482 2958 dell'Ospedale
493 2932 553 2957 degli
569 2932 672 2958 Esposti,
682 2937 694 2952 e
705 2932 742 2952 dal
757 2931 891 2953 Guardiano
900 2931 937 2952 del
947 2932 1064 2952 convento

185 2976 207 2997 di
221 2975 245 2998 S.
267 2975 340 2998 Croce
361 2981 427 2998 come
452 2976 569 2997 esecntori
588 2976 625 2997 del
646 2977 788 2998 testamento
804 2976 825 2997 di
847 2975 933 2998 cosma
955 2975 1066 3001 eoiesrni,

1122 2132 1140 2151 si
1163 2131 1243 2156 elegge
1263 2131 1276 2151 il
1300 2133 1364 2156 prete
1387 2131 1511 2152 Gerolarno
1531 2130 1640 2156 Calcagni
1656 2136 1668 2151 a
1689 2131 1791 2150 maestro
1808 2130 1829 2150 di
1850 2129 2002 2155 grammatica

1127 2181 1168 2201 per
1187 2176 1308 2201 insegnare
1323 2175 1344 2196 ai
1364 2176 1387 2196 12
1403 2175 1504 2196 ianciulli
1520 2175 1541 2195 di
1558 2175 1593 2195 cui
1617 2175 1652 2195 nel
1676 2176 1826 2195 testamento.
1845 2175 1886 2194 Fra
1902 2174 1930 2199 gli
1949 2174 2001 2194 altri

1121 2220 1223 2245 obhliglii
1244 2219 1280 2240 del
1300 2219 1408 2243 Calcagni
1425 2219 1436 2239 e
1452 2219 1537 2239 anche:
1554 2219 1631 2239 dictus
1647 2219 1757 2244 magister
1777 2220 1884 2239 teneatur
1899 2218 1921 2238 in
1941 2218 2002 2239 festo

1122 2264 1196 2284 sancti
1212 2264 1306 2289 Nicolay
1322 2265 1428 2289 tempore
1444 2269 1491 2288 quo
1506 2263 1695 2284 cellebrabuntur
1707 2262 1861 2283 missefacere
1872 2263 2001 2283 orationem

1121 2308 1142 2328 in
1153 2308 1251 2328 ecelesia
1269 2308 1343 2328 sancti
1360 2307 1416 2328 Sixti
1434 2307 1504 2332 Panic
1520 2309 1541 2328 ct
1552 2307 1573 2327 in
1589 2312 1615 2327 ea
1624 2307 1752 2332 exprimere
1764 2307 1846 2327 laudes
1862 2307 1915 2327 dicti
1928 2308 2002 2328 sancti

1122 2352 1217 2378 Nicolay
1228 2357 1254 2372 ae
1265 2352 1334 2372 etiam
1351 2353 1459 2372 tencatur
1470 2353 1576 2376 ternpore
1586 2357 1632 2377 quo
1648 2351 1836 2371 cellebrabuntur
1848 2351 1909 2372 dicta
1925 2351 2002 2372 officia

1123 2397 1165 2417 tria
1188 2397 1208 2416 in
1234 2396 1294 2417 dicta
1312 2396 1408 2417 ecclesia
1431 2396 1506 2416 sancti
1528 2395 1591 2416 Pauli
1613 2397 1677 2416 extra
1697 2397 1719 2416 et
1743 2401 1816 2421 prope
1837 2395 2001 2421 Papiarii,1iiia

1121 2441 1170 2461 vice
1193 2442 1283 2461 tautum
1306 2441 1397 2466 singulo
1418 2446 1486 2465 anno,
1504 2440 1524 2460 in
1547 2440 1609 2460 dicta
1630 2440 1728 2461 ecclesia
1748 2440 1822 2461 sancti
1846 2440 1910 2460 Pauli
1932 2440 2001 2461 aliam

1119 2486 1248 2506 orationem
1269 2485 1344 2506 tacere
1364 2485 1542 2505 exhortatricem
1562 2484 1591 2505 ad
1607 2485 1806 2510 perseverantiam
1823 2485 1936 2505 dictorum
1953 2484 2003 2505 otii-

1123 2530 1219 2550 ciorum.

1177 2574 1202 2595 Ai
1214 2574 1234 2594 15
1244 2574 1371 2594 settembre
1387 2574 1423 2594 dcl
1441 2573 1550 2599 1562,c0n
1565 2575 1616 2594 atto
1631 2573 1653 2594 di
1669 2573 1746 2594 Gnido
1757 2573 1883 2599 ManganO,
1897 2573 2001 2594 adunato

1122 2619 1135 2639 il
1152 2618 1263 2644 capitolo,
1279 2618 1307 2639 de
1330 2618 1485 2639 mandato...
1505 2618 1591 2639 domini
1613 2618 1691 2639 fratris
1713 2618 1801 2639 Thome
1816 2618 1844 2638 dc
1867 2618 2001 2639 Mediolano

1124 2663 1219 2688 Prioris,
1235 2664 1256 2683 in
1272 2663 1307 2684 cui
1324 2668 1394 2683 erano
1414 2669 1457 2684 con
1473 2663 1503 2683 lui
1519 2663 1592 2684 anche
1612 2662 1683 2683 irater
1703 2662 1806 2683 Thomas
1821 2663 1849 2683 de
1869 2662 1951 2684 Crema
1970 2663 2001 2684 vi—

1120 2708 1205 2732 carius,
1227 2707 1297 2728 trater
1319 2707 1474 2728 Sebastianus
1496 2707 1524 2728 de
1547 2707 1682 2733 Piceleone,
1707 2707 1779 2728 trater
1802 2707 1950 2728 Hieronimus
1972 2707 2000 2728 rte

1122 2752 1265 2777 Mediolano,
1284 2752 1355 2773 trater
1373 2752 1463 2773 Laurus
1485 2752 1513 2773 de
1529 2752 1664 2773 Mediolano
1680 2753 1703 2773 et
1718 2751 1789 2772 trater
1804 2751 1883 2772 Simon
1898 2752 1926 2772 de
1943 2751 1990 2772 Pon

1119 2797 1227 2822 tremulo,
1243 2796 1355 2818 iacientes
1366 2814 1369 2817 .
1381 2814 1384 2818 .
1397 2814 1413 2817 ..
1435 2797 1501 2823 quasi
1523 2798 1599 2818 totum
1617 2796 1754 2822 capitulum,
1770 2796 1788 2817 si
1812 2797 1892 2821 elegge
1914 2802 1926 2817 a
1948 2802 2000 2822 pro-

1114 2843 1222 2862 curatore
1238 2841 1251 2862 il
1268 2841 1346 2862 Priore
1361 2841 1420 2862 irate
1437 2841 1564 2862 Torninaso
1580 2846 1621 2866 per
1636 2841 1737 2862 vendere
1753 2840 1887 2862 reverendis
1902 2840 1998 2861 Clericis

1119 2886 1272 2912 Regularibus
1288 2886 1362 2907 sancti
1385 2885 1449 2906 Pauli
1470 2885 1584 2906 Decollati
1601 2885 1727 2906 Mediolani
1750 2885 1826 2911 pretio
1841 2885 1950 2906 librarum
1967 2885 1998 2905 vi-

1119 2931 1175 2957 ginti
1191 2936 1233 2956 pro
1248 2930 1338 2956 singula
1355 2930 1452 2956 pertica,
1465 2935 1494 2951 un
1509 2931 1601 2951 terreno
1617 2929 1806 2950 dell'estensioue
1822 2929 1843 2950 di
1862 2930 1885 2950 15
1895 2930 1997 2955 pertiche

1121 2980 1203 3001 presso
1219 2974 1232 2995 il
1248 2976 1372 2995 convento.
