2305 3407
1948 153 2009 186 139

202 292 417 333 Arigonibus,
442 291 542 323 frater
566 289 702 323 Gabriel
728 290 769 322 de
795 291 912 322 sancto
945 287 1113 321 Germano
1139 291 1169 320 et
1193 287 1294 319 frater
1319 287 1458 319 Paullus
1483 288 1524 319 de
1550 287 1767 328 Arigmiibus,
1800 289 1856 328 qui
1883 288 2008 320 faciunt

200 356 304 386 totum
330 356 361 386 et
387 354 550 394 integrum
576 352 794 393 capitulum...
819 352 970 383 ricevono
1007 350 1065 382 dul
1100 350 1209 382 dottor
1242 351 1273 382 in
1309 349 1472 381 medicina
1501 350 1626 381 Matteo
1654 349 1744 382 Corti
1766 350 1822 382 lire
1846 353 2009 390 quaranta

202 415 362 457 imperiali
380 424 442 457 per
462 416 603 447 restante
627 414 713 446 meld
738 413 891 454 d'affitto
928 413 1105 445 dell’nrmo
1145 413 1240 447 1524,
1274 412 1333 453 ριίὶ
1369 412 1449 443 altre
1474 412 1530 443 lire
1555 414 1683 443 ottanta
1715 421 1776 452 per
1809 412 1917 453 assitto
1942 413 2009 444 ‹lel-

201 478 223 509 l'
235 487 321 510 anno
342 480 492 519 presente
512 485 574 518 per
595 477 671 508 beni
693 477 725 508 ln
750 477 907 508 terrilorio
933 475 967 507 di
991 474 1024 508 S.
1050 475 1193 507 Martino
1219 474 1421 508 Siccomnrio
1438 473 1500 514 (l).

967 676 1249 718 DCCCXII.

287 796 343 825 Gli
369 796 563 824 Eremitani
589 795 623 823 di
650 796 685 824 S.
714 795 886 831 Agostino
924 804 1150 830 convengono
1188 795 1239 823 eoi
1276 795 1485 822 Lateranesi
1518 803 1579 830 per
1605 794 1625 822 1·
1643 803 1706 822 uso
1732 794 1787 822 dei
1813 795 2009 830 paramenti

198 850 318 879 donati
343 849 400 878 dal
426 849 516 877 duca
542 848 647 876 Car-10
673 849 707 876 di
734 836 924 876 Bor-bone.⁴

778 953 940 984 1625,
969 954 1316 983 settenrnl)re‚
1348 952 1424 977 13.

678 1050 755 1073 (Arch.
772 1050 794 1070 di
810 1049 877 1070 Stnto
893 1050 913 1069 di
931 1049 1018 1070 milano
1034 1060 1057 1062 —
1076 1049 1139 1074 l'erg,
1158 1049 1178 1069 di
1195 1048 1217 1069 S.
1235 1049 1312 1069 l'ietro
1328 1050 1348 1069 in
1366 1049 1412 1070 Cir-1
1429 1049 1501 1069 d'oro
1520 1066 1522 1069 .

213 1196 215 1218 l

213 1220 214 1276 ἒ
441 1262 463 1288 Ν
489 1256 631 1288 Nomine
658 1255 791 1288 Domini
820 1255 935 1287 Amen.
962 1255 1058 1287 Anno
1083 1264 1101 1286 a
1128 1256 1300 1287 nativitate
1341 1255 1491 1287 eiusdem
1534 1256 1712 1286 millesimo
1738 1257 2008 1296 quingentesimo

295 1244 341 1360 I
432 1317 760 1359 ⁴vigesirnoquintoy
802 1318 983 1349 indictione
1023 1317 1262 1355 tertiadecima
1289 1318 1342 1349 die
1367 1318 1598 1349 tertiodecimo
1640 1319 1766 1349 mensis
1796 1318 2010 1358 septembris

367 1417 380 1418 ἶ
432 1386 434 1413 1
462 1382 542 1412 hora
567 1380 789 1421 completorii,
815 1381 846 1411 in
872 1381 1007 1412 civitate
1033 1379 1148 1420 Papie
1175 1380 1376 1412 videlicetin
1392 1381 1495 1411 choro
1520 1381 1662 1412 ecclesie
1688 1382 1794 1412 sancti
1828 1381 2007 1422 Augustini

195 1442 292 1476 porte
319 1443 456 1475 Pallacii
485 1442 648 1474 parochie
675 1443 780 1474 sancti
807 1442 939 1474 Andree
965 1442 1006 1473 de
1033 1441 1157 1473 Broiio.
1195 1440 1280 1474 Cum
1307 1443 1350 1473 sit
1375 1443 1467 1483 quod
1493 1443 1578 1474 alias
1604 1444 1644 1474 de
1670 1452 1759 1474 anno
1796 1452 1895 1475 curso
1924 1445 1999 1475 1511

193 1506 246 1537 die
272 1515 361 1537 nono
388 1506 514 1537 mensis
539 1505 690 1537 octobris
715 1507 855 1546 agentes
881 1505 1014 1536 nomine
1042 1504 1260 1535 illustrissimi
1287 1505 1413 1536 domini
1441 1505 1566 1536 domini
1593 1503 1706 1536 Caroli
1732 1504 1838 1537 Ducis
1867 1506 1908 1537 de
1928 1505 2009 1537 Bor-

194 1569 280 1599 bone
305 1568 505 1599 donaverint
530 1570 561 1599 et
586 1567 681 1598 titulo
707 1567 901 1598 donationis
941 1567 1163 1599 traddiderint
1188 1569 1219 1598 et
1244 1568 1520 1608 consignaverint
1560 1568 1754 1599 reverendis
1779 1569 1810 1599 et
1836 1558 2011 1599 venerabi-

193 1630 280 1662 libus
306 1630 454 1661 dominis
491 1629 669 1670 Preposito
695 1632 726 1661 et
751 1628 936 1662 Canonicis
977 1631 1169 1662 monasterii
1197 1630 1301 1661 sancti
1329 1629 1416 1661 Petri
1444 1630 1475 1661 in
1501 1630 1573 1661 celo
1599 1639 1700 1661 aureo
1742 1631 1917 1671 papiensis
1950 1639 2008 1662 nec

192 1701 257 1723 non
283 1694 314 1724 et
340 1692 592 1724 venerabilibus
617 1692 764 1723 dominis
791 1691 895 1723 Priori
930 1694 961 1724 et
999 1691 1170 1724 Fratribus
1197 1693 1388 1724 monasterii
1427 1693 1533 1724 sancti
1572 1692 1751 1733 Augustini
1778 1692 1905 1733 prefate
1930 1694 2011 1724 civi-

191 1755 269 1786 tatis
295 1754 464 1795 planetam
491 1763 600 1790 unam,
626 1754 802 1786 tonicellas
827 1754 914 1786 duas
939 1756 970 1786 et
995 1754 1120 1795 piviale
1146 1764 1259 1793 unum,
1287 1763 1369 1786 auro
1395 1757 1426 1786 et
1451 1757 1590 1796 argento
1626 1755 1807 1787 artificiose
1832 1757 2009 1787 contextas

192 1825 266 1848 cum
292 1817 437 1849 marchis
462 1825 521 1848 seu
547 1817 649 1848 armis
675 1817 800 1857 quibus
826 1817 1001 1848 intertexte
1028 1819 1104 1849 sunt
1130 1816 1341 1858 infrascripte
1367 1818 1472 1849 littere
1499 1818 1654 1849 videlicet
1680 1816 1706 1850 C
1725 1820 1756 1849 et
1775 1817 1800 1849 B
1818 1826 1892 1849 cum
1911 1819 2010 1849 certis

196 1879 316 1917 modis,
341 1878 459 1910 formis
484 1881 515 1911 et
539 1879 794 1910 conditionibus
834 1879 1014 1919 descriptis
1039 1882 1070 1911 et
1095 1879 1193 1911 factis
1219 1881 1250 1911 in
1277 1881 1364 1911 dicta
1383 1881 1578 1918 donatione,
1604 1880 1644 1911 de
1671 1880 1844 1912 voluntate
1871 1883 1902 1912 et
1928 1890 2007 1912 con—

193 1949 296 1972 sensu
338 1941 487 1981 ipsorum
529 1941 742 1972 dominorum
784 1940 952 1982 Prepositi
980 1944 1012 1973 et
1038 1940 1288 1974 Canonicorum
1314 1945 1345 1974 et
1370 1943 1582 1974 dominorum
1610 1942 1735 1974 Prioris
1760 1946 1791 1974 et
1816 1942 1952 1974 fratrum
1979 1948 2009 1974 et

195 2004 292 2042 prout
318 2003 418 2034 latius
443 2003 632 2034 continetur
658 2004 688 2034 in
715 2003 804 2035 dicta
844 2004 1038 2041 donatione,
1064 2004 1105 2036 de
1132 2013 1198 2044 qua
1224 2007 1376 2045 rogatum
1404 2004 1465 2036 fuit
1492 2005 1749 2036 instrumentum
1790 2015 1878 2036 anno
1904 2008 1935 2036 et
1961 2006 2010 2036 in*

195 2064 351 2102 dictione,
377 2064 429 2095 die
454 2067 485 2096 et
511 2073 625 2096 mense
651 2066 805 2106 proxime
831 2066 930 2097 dictis
960 2075 1018 2106 per
1047 2065 1251 2107 Raphaelem
1282 2067 1323 2098 de
1353 2067 1557 2098 Marchesiis
1598 2068 1761 2098 notarium
1789 2068 2008 2108 papiensem:

196 2124 312 2166 Sitque
338 2135 452 2158 verum
480 2127 571 2166 quod
598 2127 747 2167 prefatus
774 2128 1024 2160 illustrissimus
1050 2128 1128 2160 Dux
1155 2128 1311 2160 Barbone
1337 2129 1559 2161 declaraverit
1600 2131 1742 2160 mentem
1777 2138 1871 2161 suam
1899 2131 2009 2161 circha

197 2189 390 2220 huiusmodi
417 2189 633 2221 donationem
660 2189 781 2221 factam
807 2199 865 2230 per
890 2191 964 2222 eius
989 2192 1128 2231 agentes
1154 2191 1260 2222 fuisse
1301 2191 1393 2231 quod
1436 2191 1591 2222 iamdicta
1629 2194 1822 2231 paramenta
1848 2192 2009 2223 deberent

195 2259 271 2282 esse
296 2253 328 2282 et
354 2253 478 2282 restare
503 2251 625 2283 debere
652 2260 756 2292 penes
782 2252 931 2292 prefatos
957 2253 1113 2284 dominos
1140 2252 1287 2284 Priorem
1313 2256 1344 2284 et
1371 2253 1500 2284 Fratres
1525 2255 1556 2284 et
1581 2254 1622 2284 ad
1649 2263 1762 2284 eorum
1798 2254 2007 2285 dominorum

199 2408 219 2428 le
235 2414 308 2433 mura,
323 2408 346 2429 lu
361 2409 528 2429 abbandonam
544 2409 603 2430 dalla
620 2408 743 2430 Cumunita
759 2409 875 2435 religiosa,
892 2415 903 2430 e
919 2409 941 2430 tu
958 2411 1073 2435 occupato
1181 2410 1210 2433 (l)
1226 2409 1251 2430 Ai
1270 2410 1292 2430 18
1308 2410 1433 2430 novembre
1458 2410 1518 2430 dello
1543 2411 1620 2430 stesso
1644 2416 1712 2432 anno.
1738 2416 1780 2432 con
1796 2412 1846 2431 atto
1868 2411 1889 2431 di
1914 2411 2003 2431 Andron

200 2451 229 2472 da
244 2452 288 2473 due
303 2452 340 2473 dei
355 2452 462 2478 Capitani
478 2452 575 2474 lrancesi
597 2453 733 2477 assedianti,
759 2453 808 2474 cioe
824 2453 860 2474 dal
876 2454 935 2474 duca
951 2454 1072 2474 d'Albania
1128 2453 1225 2479 Caneto,
1241 2454 1325 2474 subtus
1340 2453 1444 2474 anditum
1461 2454 1557 2474 ecclesie
1579 2456 1659 2474 sancte
1675 2454 1787 2475 Mustiole
1808 2455 1877 2480 l'apie
1892 2472 1894 2475 .
1937 2455 2006 2476 neve<

201 2502 212 2516 e
227 2496 264 2517 dal
281 2497 310 2518 La
327 2496 422 2517 Palisset
440 2497 469 2518 La
485 2498 540 2518 eina
556 2497 630 2518 difesa
645 2498 706 2523 dagli
722 2497 848 2523 Spagnuoli
864 2504 901 2519 cra
911 2500 1037 2523 governata
1047 2498 1075 2518 da

201 2540 300 2562 Antonio
315 2541 343 2562 de
359 2542 443 2568 Leyva,
458 2543 564 2567 generale
580 2542 601 2562 di
617 2542 686 2563 Carlo
701 2542 727 2567 V,
743 2543 833 2563 aiutato
849 2543 884 2563 nel
900 2548 1002 2567 noverim
1022 2548 1074 2567 spe-

201 2585 322 2607 cialmente
337 2586 374 2607 dal
389 2587 466 2607 nobile
490 2592 576 2612 pavese
601 2587 728 2608 Francesco
754 2586 842 2607 Parona
859 2593 870 2607 c
886 2587 914 2607 da
929 2587 1004 2607 alcuni
1020 2587 1071 2607 altri

201 2630 308 2651 eminenti
323 2631 437 2657 cinnami,
453 2631 486 2652 tra
501 2631 506 2651 i
523 2632 594 2657 quali,
619 2632 722 2652 secondo
741 2632 918 2652 l'attestazionc
940 2632 975 2651 del
992 2633 1072 2652 nostro

201 2673 349 2700 documento,
365 2675 376 2696 ὲ
393 2675 420 2696 da
437 2676 553 2696 rieordare
569 2676 582 2696 il
599 2677 680 2696 nostro
702 2675 760 2696 irate
779 2676 948 2701 Miclielnngclo
964 2676 1022 2696 della
1039 2682 1077 2696 no-

203 2717 246 2738 bile
261 2718 360 2745 tamiglia
385 2725 471 2745 pavese
493 2720 528 2740 dei
553 2720 636 2741 l‘ietrrr
654 2720 686 2740 Ed
702 2720 713 2740 ὲ
729 2721 807 2745 giusto
823 2721 872 2745 circ,
888 2720 989 2741 sebbcne
1005 2720 1072 2744 tardi,

202 2762 235 2782 sia
250 2763 406 2785 riconosciuto
422 2765 435 2785 il
451 2770 494 2785 suo
510 2765 599 2786 merito.

256 2807 318 2828 Nella
334 2809 418 2829 storica
434 2810 539 2835 giornata
556 2810 591 2830 dcl
606 2810 631 2830 24
647 2809 759 2835 lebbraio,
776 2810 902 2830 francesco
915 2810 929 2835 1,
942 2811 1004 2830 rotto
1015 2810 1074 2834 dagli

202 2850 328 2877 spagnuoli
344 2858 355 2874 e
371 2855 488 2875 cattumto
504 2855 539 2874 sul
561 2860 653 2880 campo,
670 2854 691 2875 iu
708 2854 821 2875 condotto
846 2854 949 2880 primone
965 2854 999 2874 nel
1016 2854 1073 2875 Con-

206 2897 273 2916 vento
288 2896 309 2917 di
325 2896 347 2917 St
365 2897 443 2921 Panlo,
460 2898 519 2919 dove
535 2898 556 2919 lu
574 2900 703 2919 trattenuto
719 2899 769 2919 sino
784 2899 804 2919 al
821 2899 845 2919 27
861 2898 972 2920 tcbhmim
996 2898 1076 2923 ⁴uiorno

204 2939 240 2960 del
255 2945 298 2961 suo
313 2941 483 2963 trasterimento
498 2943 532 2963 nel
549 2942 651 2964 Castello
666 2943 687 2963 di
705 2943 887 2969 l’izziglrettonc,
904 2943 923 2963 in
940 2943 974 2963 cni
991 2942 1074 2962 rimas-.-

207 2983 252 3004 lino
266 2984 287 3005 al
305 2985 328 3005 18
343 2986 440 3012 rnaggiov
457 2986 512 3007 Vetti
530 2987 664 3011 ΜΑΟΕΝΤΛ,
681 2988 691 3008 Ι
710 2988 814 3008 wissant!
825 2988 879 3013 (⁵in
896 2987 989 3013 Ssurzn,
1006 2987 1050 3007 vol.
1061 2987 1076 3011 l,

207 3033 259 3054 pag,
274 3028 320 3050 691.

1131 2498 1216 2518 sendus
1231 2498 1338 2519 dominus
1354 2498 1423 2519 irater
1440 2499 1538 2519 Illichacl
1555 2499 1655 2524 Angelus
1671 2499 1698 2519 ile
1715 2499 1782 2520 Petra
1798 2500 1901 2520 sindicus
1916 2502 1937 2520 et
1955 2506 2005 2525 pro-

1129 2545 1247 2564 curatore.
1265 2544 1397 2563 monasterii
1414 2545 1493 2563 saincte
1509 2543 1628 2564 Mustiollc
1640 2544 1714 2564 riccve
1726 2544 1753 2563 da
1766 2544 1815 2564 (iiiii
1829 2545 1928 2565 Antonio
1940 2545 2004 2565 Busti

1127 2592 1139 2607 a
1155 2592 1222 2607 nome
1238 2587 1259 2607 di
1277 2587 1377 2607 lsabettu
1394 2587 1421 2607 dc
1437 2587 1557 2612 Magistris
1573 2588 1594 2608 di
1611 2588 1640 2608 lui
1657 2588 1743 2613 madre,
1762 2589 1783 2608 L.
1803 2590 1825 2608 12
1841 2594 1880 2614 per
1890 2588 1967 2609 atlitto
1983 2589 2004 2609 d·

1128 2637 1156 2651 un
1172 2637 1240 2657 anno,
1256 2631 1277 2651 di
1295 2637 1338 2651 unu
1355 2637 1407 2652 casa
1424 2637 1466 2652 con
1482 2631 1526 2652 duc
1544 2632 1653 2657 notu-ulie
1679 2632 1699 2652 in
1723 2632 1858 2653 Parroccliia
1875 2633 1896 2653 di
1912 2633 1934 2653 S,
1953 2633 2005 2653 Bar-

1133 2676 1234 2696 tolonieo
1250 2676 1270 2696 al
1288 2676 1367 2697 Ponte.

1182 2720 1206 2740 Ai
1226 2720 1248 2740 13
1263 2720 1387 2745 dicentum,
1413 2726 1455 2740 con
1477 2722 1528 2741 atto
1553 2721 1588 2741 dcl
1614 2722 1692 2741 notario
1709 2721 1766 2741 Gian
1782 2721 1876 2747 Giorgio
1893 2722 1964 2742 Murri
1981 2728 2004 2742 ιί

1128 2770 1184 2785 casn
1201 2764 1297 2789 Loueri,
1313 2764 1336 2784 in
1353 2764 1495 2785 Parma-liin
1511 2765 1535 2785 di
1551 2764 1573 2785 S.
1592 2765 1690 2790 (ἡαπ-ειη
1707 2766 1730 2786 En
1747 2766 1884 2791 Porrznroln,
1907 2766 1993 2787 Venena-1

1131 2809 1182 2828 bilis
1197 2809 1305 2829 dominns
1329 2808 1399 2829 trater
1424 2809 1621 2834 Mirluaelangelus
1637 2810 1664 2830 tle
1681 2809 1748 2830 Petra
1769 2810 1871 2831 sindicus
1887 2813 1907 2830 vt
1925 2817 2005 2835 procn-

1129 2854 1197 2872 rator.
1213 2870 1215 2872 .
1233 2853 1366 2873 monasterii
1383 2854 1462 2873 sancte
1479 2853 1589 2873 Mustiulc
1607 2853 1778 2878 l‘apiclicrcdis
1789 2856 1924 2875 universalis
1938 2855 2005 2875 Laza-

1133 2904 1172 2917 rnu
1182 2898 1209 2917 dc
1219 2897 1320 2920 Crassis.
1331 2897 1446 2917 mediante
1463 2903 1561 2923 persona
1580 2898 1664 2918 domini
1677 2898 1754 2919 fratris
1765 2899 1836 2923 Egidii
1848 2899 1875 2919 dc
1887 2899 1979 2919 (nassis
1993 2916 2005 2918 ..

1129 2945 1150 2962 et
1167 2942 1216 2966 ipsc
1232 2942 1339 2962 dominus
1354 2941 1424 2962 trntcr
1441 2942 1535 2967 ligimus
1550 2942 1578 2962 dc
1594 2942 1853 2966 ‹irassis‚ricev0=1‹›n;1
1867 2943 1943 2963 l‘ictro
1955 2944 2006 2963 Loi-

1132 2986 1172 3006 teri
1189 2986 1229 3006 lire
1244 2986 1255 3006 7
1271 2986 1382 3011 imperiali
1407 2992 1447 3012 per
1471 2986 1547 3007 zitlitto
1563 2987 1584 3006 di
1601 2986 1645 3007 duc
1669 2988 1721 3007 unni
1739 2994 1777 3013 per
1793 2989 1847 3009 certi
1865 2989 1914 3007 lut-ni
1931 2988 1958 3008 tia
1975 2989 2005 3008 lui

1129 3031 1192 3051 avuti
1210 3031 1230 3050 in
1247 3031 1384 3051 investitura
1401 3033 1513 3056 perpetua
1530 3031 1566 3051 dul
1583 3031 1604 3052 tu
1623 3032 1749 3052 Lunensium
