2305 3407
253 136 323 167 272

252 269 436 300 Abbatisse
461 270 491 300 et
518 268 718 299 Monialium
745 267 939 298 monasterii
967 266 1067 297 Beate
1094 265 1200 297 Marie
1227 265 1267 296 de
1295 264 1411 296 Monte
1437 263 1584 301 oliveto,
1610 263 1749 296 Ordinis
1775 265 1880 296 sancti
1900 264 2071 297 Benedicti

247 331 521 372 congregationis
547 330 652 362 Vallis
680 329 860 365 Umbrose,
879 330 957 360 olim
984 331 1077 360 extra
1105 336 1219 358 muros
1238 327 1423 367 papienses
1448 327 1638 363 existentis,
1658 327 1894 367 principalium
1915 327 1946 358 in
1965 327 2074 367 prein-

248 394 347 425 sertis
373 393 490 424 litteris
515 393 716 433 apostolicis
741 401 835 423 sacre
863 391 1099 422 Penitentiarie
1125 390 1353 430 principaliter
1394 390 1649 426 nominatarum,
1676 389 1788 420 debita
1815 398 1888 420 cum
1916 390 2074 421 instantia

249 456 400 495 requisiti
428 459 597 495 quatenus
622 455 663 485 ad
694 454 958 493 exequutionem
996 452 1159 483 dictarum
1199 452 1378 483 litterarum
1416 452 1681 492 apostolicarum
1716 460 1809 482 sacre
1839 451 2074 484 Penitentiarie

249 517 447 558 Apostolice
473 520 503 548 et
529 520 760 548 contentorum
789 516 819 546 in
846 515 974 546 eisdem
1001 514 1142 545 asistere
1169 515 1199 544 et
1226 514 1407 553 procedere
1433 514 1658 554 dignaremur,
1685 514 1777 544 iuxta
1810 514 1988 545 tradditam
2014 523 2072 546 seu

248 580 407 611 directam
434 588 452 610 a
479 578 566 611 Sede
593 578 792 619 Apostolica
820 577 919 608 nobis
944 576 1096 607 formam.
1122 575 1194 606 Nos
1221 576 1320 616 igitur
1345 575 1521 607 Alfonsius
1547 574 1693 608 Cliarafa
1712 575 1915 613 Cardinalis,
1933 574 2074 608 Camere

250 641 446 682 Apostolice
473 650 604 681 regens,
631 641 733 671 iudex
760 642 791 671 et
817 642 1006 679 exequutor
1032 637 1194 678 prefatus,
1212 638 1425 669 attendentes
1444 639 1696 678 requisitionem
1725 639 1919 669 huiusmodi
1938 638 2008 669 fore
2027 639 2075 669 iu-

249 707 334 735 stam
361 706 391 734 et
419 703 536 734 rationi
564 710 761 739 consonam,
789 701 1011 740 volentesque
1031 700 1225 730 mandatum
1244 699 1470 740 apostolicum
1491 699 1590 731 nobis
1616 701 1646 731 in
1667 701 1726 731 hac
1746 703 1837 740 parte
1855 701 2073 732 commissum

249 768 438 797 reverenter
464 765 587 804 exequi
615 766 648 794 ut
674 767 845 795 tenemur:
873 762 1011 799 ldcirco,
1037 763 1234 793 auctoritate
1260 761 1449 801 apostolica
1475 761 1574 792 nobis
1600 762 1783 793 commissa
1808 764 1838 793 et
1864 770 1929 802 qua
1967 761 2076 803 fongi-

249 836 321 858 mur
347 828 377 858 in
405 827 464 858 liac
492 829 596 867 parte,
623 825 771 866 prefatas
798 825 925 856 litteras
950 824 1160 865 apostolicas
1186 832 1279 855 sacre
1305 822 1552 859 Penitentiarie,
1580 824 1668 855 hunc
1695 827 1844 855 nostrum
1879 833 2076 865 processum

248 898 286 921 ac
313 890 425 920 omnia
466 891 497 919 et
523 888 656 929 singula
698 888 806 919 ineis
845 889 1014 925 contenta,
1052 886 1152 918 vobis
1177 886 1337 917 omnibus
1376 888 1407 917 et
1448 886 1593 926 singulis
1629 886 1835 926 supradictis
1872 887 2076 924 intimamus,

250 952 463 983 insinuamus
488 953 519 982 et
545 951 758 982 notificamus
798 959 837 981 ac
862 950 902 981 ad
931 952 1075 981 vestram
1103 951 1133 980 et
1170 949 1351 980 cuiuslibet
1377 950 1524 980 vestrum
1563 949 1713 980 notitiam
1740 949 1940 981 deducimus
1965 952 1996 981 et
2021 949 2078 981 de-

249 1014 325 1045 duci
353 1013 511 1045 volumus
537 1022 595 1054 per
621 1015 806 1053 presentes.
834 1012 871 1043 Et
909 1012 1130 1043 nihilominus
1157 1020 1220 1042 vos
1245 1014 1277 1042 et
1303 1014 1450 1042 vestrum
1489 1011 1673 1051 quemlibet
1710 1012 1741 1042 in
1767 1011 1925 1050 solidum,
1963 1014 2077 1043 tenore

251 1077 466 1117 presentium,
495 1076 698 1116 requirimus
724 1078 754 1106 et
781 1083 960 1106 monemus
986 1075 1105 1114 primo,
1132 1074 1294 1111 secundo,
1331 1074 1428 1105 tertio
1461 1076 1492 1104 et
1518 1074 1776 1114 perhemptorie,
1809 1074 1996 1105 comuniter
2021 1074 2073 1105 vel

250 1139 398 1176 divisim,
424 1147 463 1169 ac
490 1138 589 1169 vobis
615 1141 645 1170 et
672 1140 821 1169 vestrum
848 1137 996 1175 cuilibet,
1023 1137 1054 1167 in
1082 1137 1202 1167 virtute
1229 1138 1343 1167 sancte
1372 1135 1565 1166 obedientie
1592 1137 1623 1167 et
1649 1135 1712 1167 sub
1739 1135 1963 1176 infrascriptis
1999 1144 2077 1167 sen-

251 1202 427 1232 tentiarum
455 1201 564 1241 penis,
590 1200 740 1231 districte
767 1199 988 1240 precipiendo
1014 1199 1226 1236 mandamus,
1253 1200 1422 1238 quatenus
1459 1197 1543 1229 infra
1568 1206 1630 1229 sex
1657 1198 1785 1229 dierum
1816 1199 1962 1239 spatium
2000 1201 2078 1239 post

251 1263 536 1304 presentationem
563 1271 622 1294 seu
650 1263 912 1294 notificationem
940 1262 1148 1302 presentium
1176 1264 1206 1292 et
1224 1261 1479 1301 requisitionem
1506 1260 1607 1291 vobis
1632 1269 1690 1291 seu
1718 1260 1810 1291 alteri
1830 1262 1990 1298 vestrum,
2016 1270 2077 1301 pro

252 1328 343 1366 parte
370 1325 533 1356 dictarum
560 1325 772 1356 dominarum
799 1324 958 1356 Abatisse
994 1326 1025 1356 et
1051 1324 1252 1355 Monialium
1290 1323 1539 1363 principalium,
1565 1323 1714 1363 desuper
1738 1322 1859 1354 factam
1886 1323 2078 1355 immediate

253 1396 413 1428 sequens,
439 1396 581 1428 quorum
607 1396 668 1419 sex
695 1387 823 1418 dierum
850 1387 937 1418 duos
964 1396 1023 1427 pro
1050 1387 1168 1427 primo,
1195 1386 1283 1418 duos
1309 1395 1369 1426 pro
1395 1385 1547 1417 secondo
1573 1387 1603 1417 et
1629 1385 1780 1426 reliquos
1805 1385 1894 1417 duos
1919 1386 1993 1418 dies
2018 1394 2078 1417 vo-

254 1450 306 1481 bis
333 1450 502 1481 universis
527 1452 558 1481 et
583 1449 728 1490 singulis
754 1449 960 1490 supradictis
986 1458 1046 1489 pro
1071 1450 1168 1480 tertio
1194 1451 1226 1480 et
1251 1448 1501 1489 perhemptorio
1527 1448 1668 1479 termino
1692 1457 1731 1479 ac
1772 1448 1955 1480 monitione
1981 1456 2081 1480 cano-

253 1512 327 1543 nica
353 1512 583 1552 assignamus,
608 1512 737 1543 eisdem
764 1512 912 1543 dominis
938 1510 1096 1543 Abatisse
1122 1513 1153 1542 et
1179 1510 1400 1542 Monialibus.
1426 1510 1684 1551 principalibus,
1711 1511 1742 1541 in
1772 1510 1931 1542 omnibus
1956 1512 1987 1542 et
2012 1511 2081 1543 sin—

253 1574 341 1615 gulis
368 1574 398 1604 in
426 1574 622 1614 preinsertis
648 1574 765 1605 liiteris
790 1573 992 1614 apostolicis
1017 1582 1111 1605 sacre
1138 1572 1374 1605 Penitentiarie
1400 1573 1566 1604 contentis
1591 1575 1622 1604 et
1647 1573 1821 1613 expressis
1846 1572 1995 1605 efficacis
2024 1573 2081 1604 de-

252 1635 420 1667 fensionis
447 1636 597 1676 presidio
622 1636 784 1668 assistere
810 1635 942 1667 faciatis
967 1638 997 1667 et
1023 1636 1165 1676 quilibet
1191 1638 1340 1667 vestrum
1367 1635 1478 1673 faciat,
1496 1635 1696 1666 auctoritate
1722 1637 1846 1672 nostra,
1872 1635 1939 1666 imo
1968 1635 2081 1667 verius

254 1698 453 1739 apostolica,
479 1699 713 1739 aprobatione,
739 1699 1006 1736 confirmatione,
1031 1698 1198 1736 adicione,
1225 1698 1369 1735 licentia,
1397 1697 1564 1735 facultate,
1586 1698 1831 1738 segregatione,
1857 1698 2080 1738 separatione,

254 1760 470 1800 aplicatione,
496 1761 758 1801 apropriatione,
784 1761 1016 1795 concessione,
1042 1761 1286 1801 assignatione,
1306 1761 1439 1796 unione,
1467 1761 1750 1801 incorporatione,
1769 1761 1915 1798 decreto,
1942 1760 2081 1792 indulto,

255 1823 486 1863 derogatione,
513 1825 542 1854 et
568 1823 644 1854 aliis
672 1823 702 1853 in
730 1823 926 1863 preinsertis
953 1823 1071 1854 litteris
1096 1831 1189 1854 sacre
1216 1821 1452 1853 Penitentiarie
1479 1822 1655 1853 contentis.
1679 1822 1814 1862 plenum
1833 1822 1986 1853 effectum
2013 1830 2083 1853 sor-

255 1885 318 1923 tiri,
345 1885 490 1925 illisque,
516 1894 635 1916 omnes
660 1893 748 1925 quos
774 1888 993 1923 concernunt,
1035 1885 1173 1925 pacifice
1214 1884 1276 1915 frui
1303 1887 1334 1916 et
1359 1885 1516 1925 gaudere.
1551 1883 1737 1915 lnhibendo
1763 1884 1901 1925 insuper
1927 1884 2027 1915 modo
2052 1888 2083 1915 et

256 1946 361 1977 forma
388 1947 576 1986 premissis,
604 1947 703 1978 vobis
729 1947 889 1978 omnibus
915 1950 945 1978 et
971 1947 1116 1988 singulis
1142 1947 1361 1988 supradictis,
1387 1949 1418 1978 et
1444 1947 1619 1987 presertim
1640 1945 1912 1978 provincialibus
1936 1949 1967 1978 et
1993 1945 2086 1978 Prio-

257 2009 351 2040 ribus
376 2011 407 2040 et
434 2007 680 2049 Subprioribus
706 2008 845 2041 Ordinis
871 2010 978 2041 sancti
999 2009 1172 2041 Benedicti
1192 2011 1223 2041 et
1241 2010 1317 2041 aliis
1335 2010 1620 2050 quibuscumque,
1639 2011 1705 2040 tam
1724 2009 1966 2040 ecclesiasticis
1984 2017 2084 2049 quam

259 2071 483 2109 secularibus,
511 2072 680 2102 iudicibus
706 2074 737 2103 et
764 2073 930 2112 personis,
957 2073 1201 2112 cuiuscumque
1227 2073 1413 2113 dignitatis,
1439 2074 1558 2110 status,
1594 2072 1732 2113 gradus,
1758 2072 1886 2103 ordinis
1923 2072 1975 2104 vel
2009 2080 2087 2103 con-

259 2134 398 2165 ditionis
425 2133 556 2171 fuerint,
583 2134 646 2165 sub
674 2134 897 2174 infrascriptis
923 2135 1164 2166 sententiarum
1191 2137 1222 2166 et
1248 2134 1337 2166 mille
1378 2135 1575 2165 ducatorum
1602 2135 1672 2165 auri
1708 2134 1748 2165 de
1774 2132 1916 2166 Camera
1945 2132 2086 2166 Camere

261 2195 459 2235 Apostolice
485 2196 766 2236 applicandorum
794 2197 902 2236 penis,
929 2206 969 2227 ne
996 2196 1136 2237 prefatis
1162 2197 1310 2228 dominis
1346 2196 1505 2228 Abatisse
1530 2198 1561 2228 et
1588 2196 1798 2227 Monialibus
1830 2196 2086 2237 principalibus,

261 2258 443 2297 quominus
470 2258 668 2298 preinsertis
710 2258 828 2289 litteris
868 2259 1070 2299 apostolicis
1095 2257 1195 2291 Sacre
1221 2258 1458 2290 Penitentiarie
1498 2267 1537 2290 ac
1563 2258 1723 2290 omnibus
1748 2260 1779 2289 et
1812 2258 1956 2299 singulis
1982 2258 2013 2289 in
2039 2257 2088 2289 eis

263 2319 441 2355 contentis,
469 2320 499 2350 in
526 2320 685 2351 omnibus
711 2322 742 2351 et
768 2329 826 2360 per
851 2321 963 2351 omnia
991 2321 1122 2352 realiter
1157 2323 1189 2352 et
1214 2330 1288 2352 cum
1326 2321 1455 2356 effectu,
1483 2321 1623 2361 pacifice
1649 2323 1680 2352 et
1705 2321 1828 2360 quiete,
1862 2321 1934 2352 sine
1958 2321 2090 2352 contra-

263 2381 420 2418 dictione,
447 2381 599 2413 fruantur
637 2384 667 2413 ct
692 2382 871 2422 gaudeant,
900 2383 1178 2423 impedimentum
1204 2383 1345 2423 aliquod
1372 2383 1530 2423 prestetis
1566 2391 1625 2414 seu
1653 2384 1801 2423 prestent
1826 2385 1881 2413 aut
1909 2383 2003 2422 ipsas
2029 2382 2089 2414 im-

266 2444 482 2483 pedientibus
507 2444 586 2475 dent
612 2444 788 2481 auxilium,
814 2444 994 2476 consilium
1022 2445 1072 2476 vel
1099 2444 1261 2483 favorem,
1288 2445 1423 2486 publice
1450 2445 1501 2476 vel
1528 2445 1670 2483 occulte,
1697 2445 1819 2476 directe
1838 2445 1889 2476 vel
1917 2444 2087 2482 indirecte,

265 2506 390 2545 quovis
408 2507 542 2546 quesito
567 2507 679 2538 colore
706 2507 757 2538 vel
785 2507 930 2547 ingenio,
950 2507 1008 2538 sed
1037 2508 1067 2538 in
1087 2507 1246 2539 omnibus
1265 2510 1296 2539 et
1322 2517 1380 2548 per
1405 2508 1517 2538 omnia
1544 2508 1739 2548 preinsertis
1757 2507 1874 2538 litteris
1891 2506 2091 2547 apostolicis

269 2575 362 2598 sacre
391 2566 628 2599 Peniteiitiarie
654 2571 684 2599 et
711 2569 856 2608 presenti
884 2571 1000 2600 nostro
1027 2570 1204 2609 processui
1232 2571 1378 2610 pareatis
1408 2572 1439 2601 et
1465 2570 1608 2610 quilibet
1645 2572 1791 2601 vestrum
1819 2571 1934 2609 pareat
1960 2568 2091 2600 realiter

267 2632 297 2660 et
324 2638 398 2660 cum
425 2630 556 2661 effectu.
583 2628 683 2666 Quod
711 2631 737 2661 si
765 2630 849 2661 forte
876 2631 1041 2670 premissa
1067 2632 1180 2662 onmia
1206 2634 1238 2663 et
1263 2631 1398 2672 singula
1421 2641 1486 2663 non
1512 2631 1790 2672 adimpleveritis,
1808 2631 1867 2662 sed
1887 2631 2086 2662 distuleritis

270 2693 513 2723 contumaciter
539 2692 734 2732 adimplere,
761 2692 998 2733 mandatisque
1023 2696 1054 2724 et
1073 2693 1316 2725 monitionibus
1343 2694 1468 2725 nostris
1494 2693 1699 2731 huiusmodi,
1726 2693 1792 2724 imo
1818 2693 1931 2724 verius
1955 2695 2093 2733 aposto-

271 2754 355 2792 licis,
383 2763 448 2785 non
476 2754 655 2794 parueritis
681 2754 814 2786 realiter
838 2757 869 2786 et
894 2764 969 2786 cuin
997 2755 1127 2793 effectu,
1154 2764 1216 2787 nos
1243 2756 1273 2786 in
1300 2764 1362 2787 vos
1389 2764 1507 2787 omnes
1532 2758 1563 2787 et
1599 2755 1753 2796 singulos
1778 2755 2006 2796 supradictos,
2034 2755 2090 2795 qui

269 2816 459 2856 culpabiles
485 2815 616 2847 fueritis
643 2817 673 2847 in
701 2816 887 2856 premissis,
914 2819 944 2848 et
969 2817 1169 2858 generaliter
1195 2818 1226 2849 in
1253 2818 1518 2849 contradictores
1544 2818 1716 2858 quoslibet
1744 2820 1776 2849 et
1801 2817 1945 2849 rebelles
1969 2826 2008 2849 ac
2034 2817 2094 2848 im-

274 2878 451 2918 pedientes
479 2879 573 2919 ipsas
598 2878 756 2910 dominas
782 2878 976 2910 Abatissam
1003 2881 1034 2910 et
1060 2879 1231 2911 Moniales
1257 2880 1466 2920 principales
1492 2880 1523 2910 in
1550 2880 1749 2921 preinsertis
1767 2879 1885 2911 litteris
1905 2879 2095 2911 nominatas

274 2949 375 2980 super
401 2941 589 2980 premissis,
615 2941 646 2971 in
673 2941 800 2981 aliquO,
826 2944 882 2972 aut
909 2941 1002 2981 ipsas
1029 2942 1293 2982 impedientibus
1319 2942 1438 2973 dantes
1456 2942 1619 2973 auxilium
1639 2942 1690 2973 vel
1708 2941 1872 2980 favorem,
1891 2942 2024 2982 publice
2042 2941 2093 2973 vel

273 3003 412 3039 occulte,
438 3002 562 3034 directe
589 3003 638 3034 vel
667 3003 835 3041 indirecte,
862 3004 986 3043 quovis
1013 3004 1146 3043 quesito
1172 3004 1283 3035 colore
1309 3003 1361 3035 vel
1388 3004 1534 3045 ingenio,
1558 3004 1802 3044 cuiuscumque
1819 3004 2005 3045 dignitatis,
2029 3005 2096 3035 sta-
