2305 3407
1952 129 2012 161 145

200 280 319 312 porum
345 270 520 308 curricula,
536 269 710 301 laboribus
728 268 893 305 inherens,
909 274 1001 298 sacre
1016 264 1186 306 theologie
1201 262 1339 300 studuit,
1350 263 1507 303 inibique
1526 263 1579 294 die
1595 265 1763 303 noctuque
1781 263 1937 294 continue
1965 264 2013 294 vi-

200 333 337 374 gilando
362 341 498 373 operam
524 332 626 369 dedit,
652 339 756 371 seque
782 329 943 366 moribus,
969 329 1036 360 vita
1051 329 1082 359 et
1096 327 1238 359 scientia
1263 325 1417 357 exhibuit
1443 324 1755 363 commendabilem,
1782 324 1881 356 nobis
1908 326 2014 356 humi-

201 396 272 428 liter
287 395 503 436 supplicavit,
529 396 697 434 quatenus
723 393 833 432 ipsum
849 391 913 423 sub
928 391 1043 423 debito
1068 389 1223 421 examine
1239 389 1270 419 in
1286 387 1410 419 talibus
1426 387 1495 419 fieri
1511 387 1612 418 solito
1627 389 1658 418 et
1673 390 1848 423 consueto,
1867 387 1909 418 ad
1935 388 2014 418 doc-

201 460 329 489 toratus
353 457 494 497 gradum
520 457 551 487 in
577 464 670 487 sacre
695 453 862 494 theologie
888 452 1046 484 facultate
1073 452 1219 492 recipere
1234 450 1483 487 etexaminare‚
1503 449 1810 489 exanimatumque,
1837 449 1863 479 si
1890 449 1931 480 ad
1952 450 2012 480 hoc

203 521 354 560 repertus
378 519 476 550 fuerit
502 518 655 554 idoneus,
683 515 805 547 habilis
830 517 861 546 et
887 515 1065 551 suffitiens,
1090 513 1293 554 approbare,
1318 512 1614 552 approbatumque
1641 520 1838 551 promovere
1879 511 2013 551 sibique

204 581 396 613 huiusmodi
423 581 633 611 doctoratum
660 578 739 609 dare
764 580 795 609 et
820 577 1003 608 concedere
1029 577 1253 617 dignaremur,
1292 575 1384 606 iuxta
1422 574 1588 614 privilegii
1627 576 1775 604 tenorem
1813 574 1912 605 nobis
1937 582 2015 605 con-

201 644 288 675 cessi
316 652 374 684 per
398 641 669 674 commissionem
696 638 795 671 Sedis
820 638 1030 679 Apostolice,
1056 638 1120 669 sub
1146 638 1223 669 data
1249 638 1343 668 extra
1369 645 1483 667 muros
1511 635 1613 668 Urbis
1640 644 1746 676 prope
1774 638 1903 675 portam
1931 636 2010 666 sub-

202 712 376 737 teneanam
403 703 595 745 portuensis
619 702 779 738 diocesis,
805 710 893 732 anno
920 700 1053 732 Domini
1081 700 1259 731 millesimo
1285 699 1557 740 quingentesimo
1584 698 1749 738 vigesimo
1776 698 1902 738 quinto,
1931 698 2015 729 indi-

201 769 291 799 tione
317 766 556 803 tertiadecima,
580 765 635 796 die
661 773 741 795 vero
766 764 939 804 trigesima
981 764 1106 794 mensis
1148 763 1271 809 Martii.
1313 760 1535 792 Pontificatus
1575 761 1781 791 sanctissimi
1818 761 1848 791 in
1876 759 2013 792 Christo

203 829 311 861 Patris
335 830 367 860 et
391 827 518 858 domini
559 826 663 857 nostri
704 825 830 856 domini
869 823 1055 857 Clementis
1093 824 1215 856 Divina
1242 823 1460 855 Providentia
1488 822 1578 864 Pape
1605 822 1744 863 Septimi
1782 831 1870 853 anno
1906 824 2015 857 sexto,

202 890 383 931 subscripti
409 898 467 930 per
493 888 811 920 reverendissimum
852 888 1025 919 dominum
1067 886 1294 918 Patriarcham
1338 885 1604 917 Alexandrinum
1642 887 1673 916 et
1710 884 2013 925 Archiepiscopum

202 953 525 989 Mallacitanensem,
551 950 733 990 subscripti
759 952 790 981 et
816 950 938 991 signati
966 959 1024 990 per
1050 950 1223 980 dominum
1258 948 1490 980 Alexandrum
1517 948 1557 979 de
1583 947 1737 979 Vivianis
1764 947 1928 978 notarium
1955 956 2015 987 pu-

202 1015 323 1046 blicum
351 1012 568 1054 imperiallem
594 1014 625 1043 et
650 1012 875 1052 apostolicum
903 1011 1148 1042 matriculatum
1175 1012 1206 1042 in
1234 1010 1395 1042 Archivio
1423 1009 1570 1043 Romane
1597 1008 1709 1042 Curie.
1747 1009 1818 1040 Nos
1845 1009 1943 1049 igitur
1970 1009 2017 1040 la-

199 1077 308 1108 cobus
349 1075 515 1107 lohannes
556 1074 844 1114 Archiepiscopus
884 1072 1115 1114 Crayanensis
1155 1071 1280 1105 Comes
1321 1072 1483 1113 prefatus,
1524 1072 1737 1103 attendentes
1763 1071 2014 1111 requisitionem

201 1139 395 1170 huiusmodi
422 1137 492 1169 fore
519 1138 640 1169 iustam
667 1139 697 1168 et
723 1137 840 1168 rationi
868 1145 1053 1167 consonam
1080 1138 1111 1167 et
1138 1135 1229 1175 quod
1272 1135 1358 1166 iusta
1397 1135 1522 1175 petenti
1550 1143 1614 1165 non
1641 1136 1692 1165 est
1717 1133 1940 1174 denegandus
1966 1142 2019 1164 as-

200 1210 333 1238 sensus,
359 1201 447 1231 fratri
476 1200 561 1231 Luce
588 1199 780 1231 bachalario
821 1198 962 1239 prefato,
1003 1200 1126 1238 puncta
1154 1198 1184 1228 in
1212 1206 1307 1229 sacra
1349 1197 1518 1237 theologia
1545 1199 1574 1227 et
1601 1196 1775 1237 presertim
1803 1196 1843 1226 de
1870 1194 2017 1227 Genera-

200 1265 288 1295 tione
315 1262 449 1298 Divina,
476 1271 534 1303 per
560 1263 670 1302 ipsum
697 1261 847 1302 legenda.
876 1261 1058 1293 recitanda,
1085 1260 1299 1291 discutienda
1325 1262 1356 1290 et
1386 1258 1599 1295 resumenda,
1637 1267 1711 1289 cum
1750 1267 1863 1289 eorum
1891 1257 2018 1298 glossis

198 1326 378 1357 ordinariis
403 1327 434 1356 et
459 1325 567 1366 rigore
594 1324 772 1361 examinis,
798 1323 1007 1364 assignanda
1034 1322 1195 1353 duximus
1221 1323 1252 1353 et
1278 1321 1543 1361 assignavimus,
1582 1322 1684 1360 atque
1710 1320 1757 1351 sic
1785 1320 1938 1360 legenda,
1966 1328 2015 1350 re-

199 1389 334 1420 citanda
360 1390 391 1419 et
417 1387 624 1428 disputanda
650 1395 708 1427 per
735 1386 941 1417 reverendos
967 1394 1060 1417 sacre
1086 1384 1254 1425 theologie
1281 1384 1439 1415 doctores
1465 1383 1718 1414 famosissimos
1744 1383 1940 1423 magistrum
1969 1381 2017 1412 lo-

201 1451 345 1482 hannem
371 1450 411 1481 de
438 1449 591 1481 Valentia
617 1451 647 1480 et
673 1449 869 1489 magistrum
909 1447 1088 1479 iohannem
1127 1447 1167 1478 de
1194 1445 1457 1486 Charmagnolla
1483 1445 1637 1483 fecimus,
1665 1446 1698 1475 ut
1724 1445 1826 1476 moris
1852 1446 1914 1480 est,
1940 1453 2019 1475 con-

198 1514 338 1555 gregari.
365 1511 430 1550 Qui
457 1512 593 1553 quidem
635 1511 850 1543 bachalarius
890 1509 1040 1551 prefatus
1067 1510 1266 1551 dignissime
1307 1510 1337 1540 et
1375 1508 1588 1539 laudabiliter
1626 1508 1657 1538 in
1684 1508 1759 1548 ipso
1800 1507 1955 1538 examine
1981 1515 2017 1538 se

200 1576 326 1612 habuit,
353 1576 476 1615 puncta
502 1574 663 1615 predicta,
690 1575 723 1604 ut
749 1572 912 1613 prefertur
936 1572 1122 1612 assignata,
1149 1571 1352 1612 integraliter
1378 1570 1530 1611 legendo,
1570 1569 1753 1607 recitando,
1790 1569 2017 1606 discutiendo,

203 1637 419 1675 declarando,
446 1636 678 1674 ressumemdo,
706 1634 959 1675 interpretando
985 1636 1015 1665 et
1042 1633 1266 1665 subtilissima
1292 1635 1322 1664 et
1348 1633 1483 1664 diversa
1525 1632 1689 1663 dictorum
1720 1631 1895 1663 doctorum
1922 1640 2020 1671 argu-

204 1702 314 1731 menta
340 1701 454 1731 contra
480 1708 516 1730 se
541 1698 630 1730 facta
655 1698 781 1738 optime
808 1696 1011 1728 resumendo
1037 1698 1068 1728 et
1093 1697 1134 1728 ad
1163 1696 1218 1727 illa
1244 1698 1275 1727 et
1300 1704 1533 1736 quascumque
1560 1695 1768 1735 questiones,
1794 1694 2020 1734 perspicacis-

203 1763 299 1794 simis
324 1761 565 1799 solutionibus,
591 1761 640 1792 eis
667 1759 917 1800 respondendo.
959 1759 1112 1790 Tandem
1151 1767 1209 1799 per
1250 1758 1484 1799 longissimam
1511 1757 1820 1796 arduissimamque
1846 1756 2019 1787 examina-

203 1825 327 1856 tionem
354 1833 412 1864 per
436 1824 575 1855 eosdem
601 1831 696 1854 sacre
723 1822 892 1863 theologie
929 1822 1086 1852 doctores
1125 1821 1169 1852 ibi
1210 1822 1436 1861 congregatos
1461 1819 1583 1851 factam
1610 1821 1640 1850 et
1666 1819 1915 1850 solemnissime
1941 1827 2019 1849 exe>

203 1888 352 1926 quutam,
380 1885 529 1926 prefatus
555 1885 713 1916 dominus
739 1884 838 1915 frater
865 1884 996 1914 Luchas
1021 1883 1082 1914 fuit
1108 1884 1150 1914 ab
1177 1883 1303 1914 eisdem
1343 1882 1540 1913 reverendis
1577 1881 1773 1912 doctoribus
1811 1880 1935 1911 ibidem
1961 1889 2020 1920 ap-

205 1948 377 1988 probatus,
403 1948 534 1979 nemine
561 1947 692 1978 illorum
718 1947 943 1986 discrepante,
980 1948 1151 1986 tamquam
1179 1945 1403 1985 dignissimus
1428 1946 1458 1975 et
1485 1943 1796 1975 sufficientissimus
1815 1943 1845 1973 in
1865 1943 1953 1973 dicta
1973 1942 2020 1972 fa-

205 2009 336 2040 cultate.
363 2009 511 2040 Idcircho
537 2018 599 2039 nos
625 2008 766 2039 lacobus
792 2008 959 2039 lohannes
985 2006 1110 2039 Comes
1136 2006 1322 2045 Palatinus,
1347 2007 1388 2037 de
1422 2006 1565 2037 consilio
1592 2008 1623 2036 et
1648 2013 1813 2045 expresso
1847 2013 2016 2035 consensu

206 2071 408 2111 prefatorum
435 2071 693 2101 reverendorum
721 2070 893 2101 doctorum
921 2070 1044 2100 ibidem
1071 2070 1314 2105 assistentium,
1342 2068 1506 2109 prefatum
1533 2068 1704 2098 dominum
1721 2066 1853 2097 fratrem
1871 2066 2016 2096 Lucham

206 2135 395 2173 presentem
421 2135 451 2163 et
477 2132 509 2163 id
536 2132 704 2163 humiliter
730 2132 968 2171 postulantem,
994 2131 1192 2162 auctoritate
1217 2130 1406 2170 apostolica
1445 2129 1544 2159 nobis
1577 2128 1771 2165 cmnmissa,
1798 2129 1828 2158 et
1854 2136 1920 2166 qua
1947 2126 2019 2157 fun-

205 2195 313 2235 gimur
339 2195 370 2225 in
398 2195 458 2225 hac
486 2196 587 2234 parte,
614 2193 656 2224 ad
683 2193 877 2224 doctoratus
914 2193 1054 2233 gradum
1082 2193 1112 2222 in
1140 2201 1235 2223 sacra
1273 2192 1442 2231 theologia
1481 2190 1715 2230 promovimus
1751 2198 1789 2220 ac
1822 2189 2018 2220 doctoratus

207 2258 332 2288 honore
358 2256 606 2293 decoravimus,
632 2264 777 2294 eumque
804 2255 834 2285 in
861 2254 1032 2286 doctorem
1059 2254 1307 2290 constituimus,
1345 2253 1544 2289 creavimus,
1585 2251 1827 2291 deputavimus
1853 2253 1883 2282 et
1908 2250 2019 2281 decla—

206 2320 365 2355 ravimus,
392 2320 489 2359 prout
514 2320 626 2349 tenore
653 2317 856 2357 presentium
883 2324 1133 2356 promovemus,
1164 2316 1373 2351 decoramus,
1399 2322 1561 2350 creamus,
1595 2313 1843 2350 constituimus,
1870 2321 2018 2352 pronun-

206 2383 339 2418 tiamus,
365 2381 569 2421 deputamus
594 2382 626 2411 et
652 2379 874 2415 declaramus,
910 2378 1044 2418 sibique
1086 2377 1254 2409 licentiam
1295 2376 1451 2413 dicendi,
1476 2375 1687 2415 disputandi,
1714 2375 1953 2415 interpretandi
1980 2383 2017 2405 ac

205 2443 398 2475 cathedram
426 2442 651 2483 magistralem
677 2440 881 2472 ascendendi
908 2449 946 2471 ac
971 2440 1055 2471 alias
1081 2442 1112 2470 et
1137 2439 1202 2470 alia
1240 2439 1383 2470 faciendi
1418 2440 1448 2469 et
1485 2438 1664 2469 exercendi
1703 2446 1767 2477 que
1804 2437 1960 2468 doctores
1986 2437 2017 2467 in

205 2515 299 2537 sacra
325 2505 496 2545 theologia
523 2505 553 2534 in
581 2512 797 2544 quocumque
834 2501 964 2538 Studio,
1003 2501 1229 2533 Universitate
1267 2509 1325 2532 seu
1364 2500 1439 2531 loco
1472 2500 1627 2540 promoti,
1654 2499 1694 2530 de
1722 2500 1790 2530 iure
1816 2501 1847 2530 et
1872 2500 1912 2530 de
1938 2508 2019 2530 con-

206 2568 396 2605 suetudine,
422 2567 545 2604 dicere,
572 2566 680 2597 facere
706 2567 762 2596 aut
787 2573 943 2596 exercere
980 2565 1135 2604 possunt,
1162 2572 1221 2594 seu
1254 2562 1511 2603 quomodolibet
1537 2563 1693 2602 poterunt
1721 2562 1751 2592 in
1778 2561 1935 2598 futurum,
1962 2561 2019 2592 de-

206 2632 317 2662 dimus
342 2632 374 2662 et
399 2629 633 2661 concessimus
659 2630 756 2669 prout
782 2628 902 2658 damus
928 2629 957 2658 et
983 2626 1201 2658 concedimus
1239 2634 1297 2665 per
1334 2626 1518 2665 presentes.
1546 2624 1584 2655 Et
1610 2624 1828 2655 nihilominus
1854 2622 2016 2663 prefatum

206 2694 378 2725 dominum
403 2692 536 2723 fratrem
564 2691 721 2727 Lucham,
748 2690 871 2721 ibidem
899 2691 1099 2730 presentem,
1126 2690 1293 2728 petentem
1319 2690 1349 2718 et
1375 2689 1616 2727 acceptantem,
1654 2686 1828 2718 consuetis
1864 2686 2018 2717 doctora-

206 2755 295 2787 libus
321 2755 527 2786 ornamentis
553 2753 802 2794 insignivimus,
817 2761 854 2784 ac
869 2752 977 2783 eidem
1005 2751 1112 2782 locum
1128 2760 1186 2781 seu
1213 2750 1405 2782 cathedram
1432 2749 1684 2790 assignavimus
1709 2750 1739 2780 et
1764 2749 1887 2779 deinde
1914 2748 2018 2778 libros

206 2827 301 2849 sacre
327 2817 506 2858 theologie,
533 2817 641 2857 primo
666 2816 803 2847 clausos
829 2817 859 2846 et
885 2814 1007 2846 deinde
1044 2815 1181 2854 apertos
1218 2812 1407 2850 tribuimus,
1433 2811 1658 2851 diademaque
1685 2811 1900 2851 magistrallc,
1927 2810 2020 2841 vide-

207 2880 281 2911 licet
306 2880 463 2911 birretum
490 2878 693 2916 rottondum,
719 2878 820 2918 capiti
847 2886 909 2908 suo
935 2876 1159 2917 imposuimus
1177 2877 1209 2906 et
1226 2875 1337 2915 ipsum
1355 2883 1456 2906 aureo
1482 2874 1608 2905 annulo
1634 2873 1899 2911 subarmvimus,
1926 2873 2018 2912 pacis

206 2941 361 2974 osculum
387 2941 554 2973 dedimus.
580 2939 644 2978 Qui
672 2940 808 2981 quidem
834 2939 934 2970 frater
961 2938 1103 2975 Luchas,
1129 2947 1203 2969 cum
1231 2946 1352 2978 magno
1379 2937 1504 2968 honore
1530 2937 1572 2968 ad
1598 2937 1727 2977 apicem
1767 2936 1960 2967 doctoratus
1986 2935 2016 2964 in

205 3013 301 3036 sacra
326 3004 497 3045 theologia
523 3005 706 3044 promotus,
733 3002 891 3033 omnibus
916 3003 948 3033 et
972 3000 1116 3041 singulis
1153 2999 1351 3040 privilegiis,
1387 2999 1514 3040 gratiis,
1552 2998 1700 3036 indultis,
1733 2997 2017 3038 exemptionibus,

1989 3066 2012 3085 ll)
