2305 3407
265 184 308 216 50

265 319 385 359 possit,
412 319 509 358 prout
535 318 675 357 possent
702 316 728 347 si
756 316 815 346 liec
841 315 1085 347 conventiones
1111 316 1141 345 et
1167 316 1263 354 pacta
1301 313 1388 345 tacta
1415 322 1479 344 non
1518 312 1673 351 fuissent,
1699 322 1736 344 ac
1762 313 1855 344 firma
1891 315 2083 345 remanente

266 383 422 414 contenta
449 380 480 410 in
508 379 593 419 ipsis
620 378 738 409 litteris
764 377 794 409 et
821 377 922 409 bullis
948 376 1160 417 apostolicis.

355 442 431 474 Item
459 441 550 482 quozl
579 440 695 472 Abbas
720 442 750 471 et
777 438 954 477 Canonici,
983 439 1013 470 in
1040 447 1101 470 sua
1128 438 1306 469 medietate
1332 437 1476 469 ecclesie
1503 438 1665 478 predicte,
1690 438 1829 479 figuram
1856 438 1944 469 beati
1971 437 2086 478 Augu—

266 505 355 541 stini,
380 507 411 535 et
437 503 590 535 similiter
616 502 679 543 ipsi
709 501 802 533 Prior
827 504 857 533 et
885 501 1016 533 Fratres
1044 501 1074 531 in
1101 509 1161 532 sua
1189 500 1379 538 medietate,
1405 499 1515 532 facere
1552 509 1611 532 seu
1639 500 1776 540 depingi
1803 499 1911 532 facere
1952 500 2085 540 possint

266 567 367 598 modo
393 575 455 598 suo
481 568 511 596 et
536 565 578 596 ad
605 573 719 596 eorum
746 564 942 601 arbitrium;
970 564 1000 594 in
1028 563 1111 594 locis
1136 565 1246 594 autem
1275 563 1384 603 ipsius
1420 562 1562 594 ecclesie
1599 563 1836 594 communibus
1874 571 1939 594 non
1977 563 2087 603 possit

265 630 379 670 aliqua
405 629 553 669 ipsarum
581 627 724 667 partium
751 627 858 667 ipsam
887 626 1025 667 figuram
1053 626 1191 666 pingere
1217 634 1276 657 seu
1304 626 1395 666 pingi
1423 624 1531 656 lacere
1559 626 1589 656 in
1615 625 1730 665 aliquo
1755 625 1847 656 abitu
1867 625 2087 656 determinato

268 692 328 724 sed
355 695 482 722 tantum
511 691 541 721 in
570 689 766 730 pontificali,
793 689 924 728 absque
951 688 1065 728 aliqua
1092 688 1371 719 determinatione
1397 688 1540 719 alicuius
1565 687 1678 719 abitus
1705 688 1853 728 ipsarum
1873 688 2027 728 partium;
2052 687 2089 718 ti-

266 764 346 796 gure
372 757 495 789 autem,
521 753 630 792 ipsius
655 752 723 782 divi
752 751 943 791 Augustini,
962 759 1028 790 que
1047 750 1087 781 de
1106 750 1252 791 presenti
1279 752 1356 781 sunt
1384 751 1414 781 in
1441 750 1597 787 ecclesia,
1624 752 1817 781 remaneant
1842 752 1873 780 et
1891 751 1978 781 stent
1997 749 2028 780 in
2046 758 2087 781 eo

267 818 360 848 abitu
386 819 417 847 et
443 824 506 847 suo
532 823 619 851 esse,
641 815 670 844 in
691 823 758 854 quo
777 813 817 844 de
845 813 990 853 presenti
1018 815 1106 847 sunt,
1133 813 1163 843 in
1191 821 1407 852 quocumque
1435 812 1508 843 Ioco
1534 812 1599 843 sint
1625 814 1657 843 et
1683 812 1899 852 reperiantur.

356 878 433 909 Item
460 877 550 917 quod
578 877 604 907 si
631 875 833 915 contingerit
859 875 950 915 quod
979 874 1297 907 Reverendissimus
1323 874 1483 905 dominus
1509 874 1668 905 dominus
1686 872 1879 906 Cardinalis
1906 876 2090 914 perpetuus

267 938 586 972 Cotnmsndatarius
613 937 805 968 monasterii
833 939 863 968 et
889 936 1025 968 abbatie
1051 937 1158 968 sancti
1186 936 1272 967 Petri
1301 937 1331 967 in
1359 935 1442 969 Celo
1467 945 1569 968 aureo
1588 937 1740 977 predicti,
1759 939 1834 968 ante
1860 936 1967 968 factas
1993 937 2090 968 huiu-

267 1002 376 1033 smodi
403 1001 648 1032 conventiones
673 1002 704 1030 et
731 1002 838 1040 pacta,
865 1002 921 1030 aut
947 1001 1127 1039 antequam
1155 999 1230 1039 ipsa
1268 999 1462 1030 huiusmodi
1490 999 1734 1030 conventiones
1759 1001 1791 1030 et
1817 1001 1914 1039 pacta
1951 999 1992 1030 ad
2019 999 2092 1030 eius

267 1065 424 1096 noticiam
450 1063 643 1099 deveniant,
669 1062 865 1093 admisisset
891 1061 1153 1101 resignationem
1174 1062 1357 1102 predictam
1377 1070 1436 1092 seu
1456 1061 1646 1093 cessionem
1667 1060 1787 1092 factam
1814 1070 1873 1101 per
1898 1061 1962 1092 iam
1982 1061 2092 1092 dictos

266 1125 461 1159 Canonicos
487 1124 657 1165 regulares
684 1124 843 1163 antiquos
881 1122 1021 1163 prefatis
1062 1123 1210 1155 dominis
1236 1122 1420 1156 Canonicis
1447 1124 1510 1155 iam
1537 1124 1625 1155 dicte
1651 1121 1935 1164 Congregationis
1962 1123 2094 1155 Latera-

268 1189 395 1225 nensis,
421 1187 513 1228 quod
539 1190 617 1218 tunc
643 1188 674 1218 et
700 1195 739 1217 eo
765 1194 845 1217 casu
873 1186 904 1216 in
931 1195 1063 1217 omnem
1090 1189 1248 1217 eventum
1276 1186 1394 1227 prefati
1422 1186 1549 1217 domini
1576 1184 1740 1218 Canonici
1776 1185 2019 1217 Lateranenses
2045 1188 2093 1217 te-

268 1253 409 1282 neantur
434 1252 465 1280 et
491 1249 631 1289 obligati
669 1249 736 1279 sint
773 1248 814 1279 ad
853 1248 1128 1279 observationem
1171 1249 1365 1280 huiusmodi
1407 1249 1670 1280 conventionum
1698 1250 1728 1280 et
1754 1250 1926 1288 pactorum
1953 1248 2039 1279 sicut
2064 1248 2092 1280 si

269 1313 417 1344 nondum
444 1312 640 1343 admisisset
665 1314 696 1342 et
723 1311 753 1341 in
781 1313 953 1350 posterum
980 1311 1169 1342 admitteret
1196 1314 1229 1342 ut
1255 1320 1368 1352 supra.

357 1374 435 1406 ltem
463 1374 554 1414 quod
582 1382 647 1404 non
675 1373 772 1405 liceat
799 1381 858 1404 nec
884 1373 1009 1404 licitum
1037 1374 1079 1404 sit
1104 1373 1251 1405 dominis
1269 1372 1455 1406 Canonicis
1473 1376 1503 1405 et
1523 1373 1645 1404 Abbati
1665 1373 1826 1414 predictis
1845 1381 1904 1404 nec
1921 1373 2095 1413 aliquibus

268 1438 344 1469 aliis
371 1446 431 1477 pro
458 1437 518 1473 eis,
557 1435 624 1467 ullo
651 1444 799 1475 unquam
838 1434 950 1466 futuro
988 1438 1137 1476 tempore
1175 1436 1353 1476 impetrare
1390 1436 1519 1476 aliquid
1545 1444 1563 1467 a
1589 1434 1676 1468 Sede
1703 1435 1902 1476 Apostolica
1935 1435 2026 1476 quod
2053 1435 2096 1467 sit

269 1502 385 1532 contra
411 1499 604 1530 huiusmodi
631 1498 876 1529 conventiones
902 1500 933 1529 et
959 1500 1068 1538 pacta,
1094 1498 1146 1529 vel
1184 1501 1299 1530 contra
1338 1499 1433 1539 ipsos
1472 1498 1603 1530 Fratres
1628 1500 1658 1529 et
1684 1507 1798 1530 eorum
1836 1500 2039 1529 conventum
2065 1500 2096 1529 et

270 1562 509 1593 monasterium
536 1561 806 1601 predictum,aut
833 1560 944 1591 bullas
970 1561 1034 1600 ipsi
1061 1561 1240 1592 conventui
1260 1563 1290 1592 et
1308 1560 1426 1592 Ordini
1454 1560 1696 1592 I-Ieremitarum
1715 1561 1821 1592 sancti
1848 1559 2027 1601 Augustini
2054 1560 2097 1592 ab

269 1625 354 1665 ipsis
381 1624 523 1655 summis
538 1622 760 1654 Pontificibus
786 1624 972 1659 concessis,
989 1623 1051 1654 nisi
1080 1623 1322 1654 interveniente
1348 1632 1515 1664 expresso
1541 1631 1710 1654 consensu
1738 1623 1888 1663 ipsorum
1916 1621 2041 1654 Prioris
2066 1624 2097 1654 et

271 1687 421 1718 Fratrum
449 1687 526 1717 dicti
554 1688 745 1717 conventus
782 1686 888 1717 sancti
927 1685 1108 1726 Augustini
1135 1689 1165 1717 et
1191 1684 1369 1717 Generalis
1395 1694 1509 1717 eorum
1536 1684 1675 1717 Ordinis
1702 1685 1853 1726 predicti.
1880 1684 1919 1716 Et
1945 1685 2097 1716 SImiliter

271 1748 365 1780 Prior
390 1751 446 1780 aut
474 1748 605 1779 Fratres
632 1748 741 1788 ipsius
767 1750 955 1779 conventus
982 1757 1040 1779 seu
1069 1749 1261 1780 monasterii
1289 1748 1394 1780 sancti
1422 1747 1688 1789 Augustini‚seu
1704 1747 1791 1779 alius
1809 1756 1924 1779 eorum
1951 1747 2096 1784 nomine,

270 1821 335 1842 non
363 1811 496 1851 possint
523 1819 582 1841 nec
610 1810 744 1841 valeant
782 1810 912 1850 aliquid
951 1811 1128 1851 impetrare
1156 1813 1190 1842 ut
1215 1819 1318 1851 supra
1355 1813 1471 1842 contra
1509 1811 1604 1850 ipsos
1630 1808 1835 1847 Canonicos,
1862 1809 1925 1841 nisi
1952 1809 1993 1840 de
2018 1818 2098 1840 con-

271 1882 373 1904 sensu
400 1881 567 1913 expresso
594 1873 744 1912 ipsorum
772 1871 1022 1904 Canonicorum
1049 1876 1080 1904 et
1107 1873 1260 1904 Abbatis.
1277 1872 1376 1910 Quod
1397 1873 1423 1904 si
1451 1873 1482 1903 in
1509 1873 1624 1912 aliquo
1650 1871 1893 1904 contrafactum
1919 1871 2019 1903 fuerit
2037 1879 2097 1902 seu

270 1938 514 1975 attemptatum,
531 1935 562 1965 id
589 1937 693 1965 totum
720 1935 761 1965 sit
789 1934 913 1965 nullius
932 1935 1057 1966 valoris
1083 1937 1113 1966 et
1141 1936 1309 1967 momenti.
1329 1935 1367 1966 Et
1387 1935 1625 1966 nichilominus
1644 1943 1722 1975 pars
1741 1935 1795 1966 illa
1813 1943 1879 1974 que
1897 1934 2098 1965 contrarium

270 1997 520 2037 attemptaverit
546 2005 605 2028 seu
632 1999 830 2036 attemptare
857 1998 1112 2037 presumpserit,
1128 2000 1279 2029 teneatur
1303 1998 1345 2029 ad
1372 1998 1510 2029 alterius
1537 1998 1642 2038 partis
1668 1997 1921 2037 requisitionem
1948 1996 2012 2037 ipsi
2031 1996 2101 2027 cui-

271 2068 414 2100 cumque
442 2059 668 2099 impetrationi
697 2059 894 2090 renunciare
921 2068 979 2090 seu
1008 2060 1322 2099 impetracionibus,
1349 2060 1402 2091 cui
1430 2068 1489 2091 seu
1517 2060 1643 2100 quibus
1668 2068 1710 2091 ex
1738 2068 1825 2090 nunc
1843 2060 1941 2099 prout
1959 2067 2000 2090 ex
2020 2061 2098 2089 tunc

272 2126 384 2162 partes
411 2122 483 2161 ipse
510 2121 793 2152 renunciaverunt
819 2124 849 2152 et
876 2122 1083 2153 renunciant.

361 2184 439 2215 Item
467 2184 558 2224 quod
586 2193 667 2215 casu
695 2193 732 2215 ac
760 2184 918 2224 quotiens
956 2187 986 2215 et
1024 2185 1312 2225 quandocumque
1351 2186 1522 2226 contingat
1560 2184 1725 2225 prefatum
1764 2183 2095 2217 Reverendissimum

272 2247 445 2278 dominum
472 2246 645 2277 dominum
673 2244 889 2278 Cardinalem
916 2249 1114 2287 perpetuum
1142 2246 1475 2279 Commendatarium
1504 2247 1630 2288 prefate
1669 2247 1813 2278 Abbatie
1847 2248 1878 2278 et
1904 2244 2097 2277 monasterii

272 2309 376 2340 sancti
405 2307 491 2339 Petri
519 2309 550 2339 ln
577 2307 660 2340 Celo
688 2308 810 2346 Aureo,
827 2309 1020 2340 huiusmodi
1048 2310 1329 2350 ressignationem
1356 2312 1387 2341 et
1413 2318 1471 2341 seu
1498 2310 1687 2341 cessionem
1715 2311 1748 2340 ut
1773 2317 1876 2349 supra
1909 2308 2015 2339 factas
2041 2315 2099 2347 per

271 2371 380 2402 dictos
406 2369 604 2402 Canonicos
629 2371 790 2410 antiquos
818 2371 902 2411 ipsis
930 2371 1078 2402 dominis
1104 2370 1288 2403 Canonicis
1315 2370 1600 2412 Congregationis
1627 2371 1863 2403 Lateranensis
1889 2379 1954 2401 non
1980 2369 2100 2401 admit-

272 2437 349 2471 tere,
375 2436 406 2464 et
432 2442 512 2464 casu
541 2442 608 2472 quo
636 2433 723 2464 illam
752 2442 816 2464 non
844 2433 1008 2470 admittat,
1035 2434 1126 2473 quod
1153 2436 1231 2466 tunc
1257 2437 1288 2466 et
1313 2444 1353 2466 eo
1379 2443 1458 2466 casu
1487 2435 1550 2475 ipsi
1578 2435 1703 2466 domini
1731 2432 1893 2466 Canonici
1921 2433 1984 2464 iam
2011 2432 2098 2463 dicte

273 2494 559 2536 Congregationis
586 2495 824 2527 Lateranensis
850 2496 1007 2527 recedant
1033 2499 1063 2527 et
1089 2497 1246 2528 recedere
1272 2497 1416 2528 debeant
1442 2506 1459 2528 a
1486 2497 1575 2528 dicta
1602 2496 1758 2535 Abbatia‚
1784 2505 1843 2527 nec
1869 2495 2016 2535 amplius
2041 2503 2099 2525 au-

274 2558 374 2588 deant
401 2558 495 2597 ipsos
523 2556 671 2589 Priorem
698 2560 728 2588 et
756 2557 887 2589 Fratres
914 2559 944 2589 in
972 2559 1036 2589 iam
1063 2559 1163 2590 dictis
1200 2559 1326 2590 divinis
1353 2558 1474 2590 officiis
1502 2559 1695 2599 perturbare
1722 2567 1781 2590 nec
1815 2558 2004 2595 molestare,
2037 2556 2096 2587 sed

274 2620 368 2659 ipsos
396 2620 425 2649 in
453 2628 567 2650 eorum
595 2620 739 2660 pristino
765 2620 871 2660 gradu
899 2620 1089 2660 relinquant
1117 2630 1175 2652 nec
1202 2622 1335 2662 possint
1361 2622 1473 2653 dicere
1500 2630 1559 2653 sue
1585 2621 1730 2661 allegare
1757 2621 1820 2661 ipsi
1847 2618 2098 2655 Canonici‚nec

273 2681 376 2720 aliqui
403 2690 443 2712 ex
471 2682 531 2717 eis,
548 2682 612 2712 sibi
641 2683 692 2713 ius
719 2682 858 2722 aliquod
885 2686 1076 2723 competere
1104 2684 1134 2714 in
1162 2684 1311 2724 predicta
1337 2684 1480 2716 ecclesia
1507 2686 1537 2716 et
1553 2683 1768 2720 monasterio,
1788 2691 1847 2714 nec
1867 2682 1931 2713 sibi
1950 2690 2026 2713 esse
2045 2681 2097 2712 ius

274 2744 442 2783 quesitum
469 2744 579 2774 circha
606 2745 855 2784 posessionem‚
871 2745 922 2776 vel
951 2746 1060 2785 quasi,
1075 2746 1268 2777 celebrandi
1295 2746 1406 2777 officIa
1433 2746 1547 2777 divina
1571 2755 1614 2784 ,ex
1641 2754 1680 2776 eo
1706 2745 1798 2785 quod
1816 2746 1930 2776 essent
1955 2743 2096 2775 admissi

275 2805 326 2836 vel
353 2805 494 2836 tollerati
523 2814 580 2845 per
607 2807 702 2845 ipsos
728 2807 886 2838 dominos
914 2806 1061 2838 Priorem
1088 2810 1119 2839 et
1146 2808 1287 2845 Fratres,
1314 2808 1465 2848 quinimo
1491 2808 1625 2848 possint
1651 2808 1740 2839 dicto
1766 2815 1847 2838 casu
1875 2807 1938 2847 ipsi
1969 2806 2095 2837 domini

275 2866 370 2898 Prior
395 2869 426 2898 et
453 2867 582 2899 Fratres
610 2869 705 2908 ipsos
731 2869 889 2900 dominos
915 2868 1112 2902 Canonicos
1137 2870 1317 2911 expellere,
1344 2871 1442 2901 etiam
1470 2870 1605 2910 propria
1642 2870 1850 2907 auctoritate,
1876 2878 1894 2900 a
1921 2869 2019 2900 dictis
2044 2876 2097 2899 ec-

276 2929 378 2960 clesia
403 2932 434 2960 et
460 2930 665 2961 monasterio
692 2939 750 2961 seu
777 2932 969 2969 conventui,
985 2934 1015 2963 et
1041 2941 1058 2963 a
1084 2932 1310 2963 celebratione
1336 2932 1527 2963 divinorum
1553 2932 1752 2969 officiorum,
1768 2931 1834 2963 ulla
1852 2931 2097 2963 contraditione

277 2991 329 3022 vel
355 2992 556 3031 exceptione
583 2992 732 3032 ipsorum
760 2992 972 3024 dominorum
1000 2992 1248 3025 Canonicorum
1287 3003 1352 3025 non
1390 2995 1551 3026 admissa.
1578 2994 1617 3026 Et
1643 2995 1686 3026 ita
1727 2994 1844 3035 prefati
1879 2994 2005 3025 domini
2031 2991 2097 3026 Ca-

276 3054 388 3085 nonici
416 3054 661 3094 promisserunt
687 3057 718 3086 et
745 3056 942 3095 promittunt
967 3056 1067 3087 dictis
1092 3056 1239 3088 dominis
1266 3056 1371 3088 Priori
1398 3059 1429 3088 et
1456 3056 1629 3088 Fratribus
1661 3057 1832 3089 attendere
1858 3058 1889 3088 et
1914 3057 2095 3089 observare
