2305 3407
267 171 328 202 120

261 302 350 338 Dux.
377 303 419 334 ab
445 303 509 333 alia
536 302 657 333 flumen
687 301 875 333 Vernabule
901 304 932 332 et
959 301 1146 341 prelibatus
1172 301 1331 331 dominus
1357 301 1515 332 dominus
1542 299 1642 338 Dux;
1670 300 1746 332 ltem
1775 301 1870 341 pecia
1906 309 1969 332 una
1997 301 2080 340 prati

261 366 461 405 perticarum
488 365 734 404 quinquaginta
763 365 845 394 intra
874 364 982 394 locum
1009 362 1110 393 Turis
1137 363 1177 393 de
1204 361 1290 394 Galo
1316 366 1346 394 et
1373 363 1483 394 locum
1510 361 1691 403 Cantogni,
1717 363 1918 394 cuicolieret
1944 363 1986 393 ab
2012 371 2082 393 om-

260 428 360 458 nibus
387 428 539 467 partibus
566 427 752 467 prelibatus
779 426 938 456 dominus
964 425 1122 456 dominns
1149 424 1226 455 Dux
1253 428 1284 456 et
1311 425 1340 455 in
1369 428 1461 464 parte
1489 434 1603 456 murus
1630 424 1736 462 l’arci,
1762 425 1962 465 accipiendo
1989 425 2082 465 ipsas

262 490 406 529 perticas
432 489 614 520 ducentum
642 497 702 528 pro
729 488 883 518 indivixo
910 496 983 518 cum
1011 487 1085 518 eius
1111 490 1179 517 rata
1208 487 1451 523 liedificiorum‚
1478 496 1542 527 que
1570 496 1635 517 non
1651 487 1772 518 cadant
1799 487 1829 517 in
1857 487 2003 527 presenti
2023 487 2084 517 do-

259 551 399 587 tacione,
425 553 454 582 et
482 551 543 581 lioc
570 551 677 581 donec
703 553 732 580 et
760 558 938 588 usquequo
977 557 1033 588 per
1071 547 1235 588 prefatum
1263 548 1526 579 illustrissimum
1554 549 1727 579 dominum
1753 549 1926 579 dominum
1953 547 2080 580 Ducem

257 613 401 652 eiusque
428 621 658 646 successores,
685 612 772 642 dicte
798 611 926 651 capelle
952 613 983 641 et
1009 619 1067 641 seu
1095 611 1168 640 eius
1194 608 1402 650 Capellanis,
1428 611 1518 642 dicto
1545 611 1687 646 nomine,
1716 611 1890 650 provisum
1918 610 2015 642 fuerit
2041 611 2080 642 dc

258 684 324 706 uno
350 684 409 706 seu
437 675 592 715 pluribus
618 674 731 704 fondis
759 674 891 704 idoneis
917 676 947 704 et
975 672 1224 703 sufficientibus
1251 673 1281 703 in
1309 673 1444 704 civitate
1471 682 1529 704 seu
1556 674 1714 704 comitatu
1758 672 1873 713 Papie,
1911 673 2082 705 habilibus

257 741 287 768 et
314 737 565 768 sufficientibus
591 737 632 767 ad
661 738 858 776 perpetuum
886 744 1033 766 annuum
1062 735 1229 766 redditum
1257 735 1453 766 ducatorum
1481 736 1727 776 quinquaginta
1753 736 1824 766 auri
1863 735 1980 775 larglii.
2006 733 2081 772 Qua

259 800 465 839 provisione.
492 799 539 829 sic
569 801 600 829 ut
628 806 730 838 supra
758 797 855 834 facta,
884 796 1034 837 prefatus
1061 796 1313 827 illustrissimus
1354 797 1513 828 dominus
1550 798 1708 828 dominus
1736 796 1812 828 Dux
1840 798 1983 837 eiusque
2008 805 2083 828 suc-

256 870 411 892 cessores
439 862 600 892 liberatus
640 869 699 891 seu
742 860 870 891 liberati
898 861 964 890 sint
989 868 1007 890 a
1034 859 1121 890 dicta
1162 868 1273 890 annua
1311 859 1375 890 ficti
1403 860 1619 899 prestatione.
1647 859 1685 890 Et
1711 869 1752 891 ex
1779 868 1883 891 causa
1909 862 1939 890 et
1965 860 2081 891 merito

256 924 354 954 liuius
382 923 550 963 presentis
576 923 782 959 errectionis,
810 922 1019 953 fondationis
1045 924 1075 952 et
1101 921 1287 952 dotationis
1313 921 1423 952 dictus
1449 921 1608 953 dominus
1627 924 1824 962 procurator
1838 921 1928 953 dicto
1948 921 2080 953 nomine

255 986 368 1021 cessit,
397 985 487 1015 dedit
513 988 544 1016 et
571 985 754 1021 mandavit,
781 993 818 1015 ac
845 984 943 1021 cedit,
971 984 1026 1014 dat
1052 986 1083 1014 et
1110 984 1246 1014 mandat
1273 983 1403 1023 prefato
1429 983 1567 1014 domino
1594 983 1844 1015 Locumtenenti
1871 986 1901 1015 et
1927 984 2081 1015 minino-

254 1048 338 1078 tario
365 1056 510 1087 persone
548 1047 682 1087 publice
708 1049 769 1078 etc.
811 1047 923 1077 omnia
966 1047 1035 1077 iura
1077 1054 1263 1086 omnesque
1289 1046 1439 1077 actiones
1465 1048 1494 1077 et
1521 1046 1677 1082 rationes,
1707 1055 1800 1083 usus,
1826 1047 2025 1077 retortiones
2050 1050 2080 1077 et

257 1109 507 1140 vindicationes
534 1109 633 1140 utiles
658 1112 689 1140 et
715 1109 870 1145 directas,
897 1108 1015 1146 reales,
1031 1108 1240 1148 personales,
1256 1109 1379 1139 mixtas
1394 1111 1423 1140 et
1440 1109 1665 1149 ipothecarias
1683 1111 1713 1140 et
1739 1109 1822 1140 alias
1849 1117 2082 1149 quascumque

256 1172 319 1212 ipsi
347 1172 485 1202 domino
512 1172 733 1211 procuratori,
759 1171 849 1202 dicto
876 1171 1020 1208 nomine,
1048 1171 1079 1201 in
1106 1173 1136 1202 et
1163 1179 1266 1211 super
1291 1171 1390 1202 dictis
1416 1171 1576 1202 omnibus
1601 1171 1747 1209 donatis,
1773 1172 1862 1202 datis
1877 1174 1907 1203 et
1926 1171 2081 1203 tradditis

252 1237 282 1265 et
310 1234 395 1274 ipsis
422 1234 523 1265 rebus
550 1234 580 1264 in
610 1235 774 1274 integrum
816 1233 1075 1273 quomodolibet
1116 1233 1323 1273 pertinencia
1349 1236 1380 1264 et
1406 1234 1593 1273 spectantia
1634 1242 1672 1264 ac
1713 1234 1921 1273 pertinentes
1946 1236 1977 1265 et
2003 1242 2081 1274 spe—

253 1299 392 1331 ctantes,
421 1301 482 1327 etc.
509 1299 570 1327 etc.
597 1295 706 1333 Quam
734 1296 870 1336 quidem
897 1295 1062 1335 capellam
1089 1298 1119 1326 et
1145 1304 1204 1327 seu
1242 1296 1333 1336 quod
1372 1296 1508 1336 quidem
1551 1296 1760 1328 sacerdotale
1787 1296 1978 1327 benefitium
2007 1305 2081 1337 pre—

256 1359 345 1390 fatus
372 1359 578 1390 reverendus
603 1359 763 1390 dominus
789 1356 914 1390 Galeaz
952 1360 1159 1398 procurator,
1197 1359 1286 1390 dicto
1324 1359 1469 1396 nomine,
1496 1359 1628 1396 errexit,
1653 1359 1807 1390 fondavit
1832 1361 1862 1390 et
1888 1359 2017 1390 dotavit
2042 1367 2080 1391 ac

253 1421 377 1461 errigit,
403 1420 521 1452 tondat
547 1424 578 1452 et
605 1421 697 1452 dotat
724 1430 783 1461 pro
810 1430 876 1451 uno
903 1420 1078 1452 sacerdote
1105 1429 1162 1460 per
1188 1430 1262 1452 eum
1289 1421 1378 1452 dicto
1405 1422 1551 1459 nomine,
1577 1423 1608 1453 et
1634 1430 1693 1452 seu
1720 1430 1779 1461 per
1805 1420 1970 1462 prefatum
2008 1421 2081 1452 illu-

253 1484 458 1514 strissimum
486 1484 660 1514 dominum
703 1483 876 1514 dominum
919 1482 1047 1514 Ducem
1074 1485 1104 1514 et
1130 1492 1190 1514 seu
1217 1483 1290 1514 eius
1316 1483 1404 1515 filios
1431 1483 1611 1521 masculos,
1649 1484 1756 1514 eidem
1785 1483 1815 1514 in
1842 1483 1932 1515 dicto
1956 1483 2078 1514 ducatu

254 1546 425 1586 legiptime
452 1546 711 1583 descendentes,
738 1546 944 1577 nominando
970 1547 1002 1576 et
1028 1545 1256 1585 presentando
1283 1546 1313 1576 in
1340 1546 1552 1586 capellanum
1590 1548 1620 1577 et
1660 1554 1720 1586 pro
1747 1546 1935 1586 capellano,
1968 1554 2078 1577 coram

254 1607 385 1648 prefato
411 1609 696 1640 reverendissimo
738 1608 875 1639 domino
917 1609 1055 1639 domino
1093 1607 1265 1648 Episcopo
1303 1608 1477 1649 papiense,
1504 1617 1563 1639 seu
1590 1609 1663 1640 eius
1690 1607 1824 1639 Vicario
1849 1610 1880 1639 et
1906 1608 2082 1640 Locumte-

255 1673 352 1702 nente
380 1680 437 1711 pei·
463 1673 626 1711 tempora,
665 1671 728 1702 sub
766 1674 796 1702 et
822 1679 896 1702 cuin
935 1670 1161 1710 infrascriptis
1188 1671 1298 1702 modis
1324 1672 1355 1701 et
1381 1670 1508 1707 formis,
1547 1671 1577 1701 in
1619 1671 1796 1711 principio,
1823 1670 1934 1702 medio
1960 1672 1991 1701 et
2015 1670 2080 1702 fine

256 1733 422 1772 presentis
447 1736 639 1764 contractus
665 1733 835 1773 appositis
861 1735 892 1764 et
918 1733 1080 1772 repetitis.
1107 1731 1219 1763 Primo
1256 1733 1405 1772 quidem,
1432 1732 1537 1764 voluit
1563 1735 1594 1764 et
1619 1733 1789 1764 ordinavit
1815 1741 1852 1764 ac
1878 1732 1948 1763 vult
1974 1735 2004 1764 et
2030 1742 2082 1763 or-

256 1795 349 1826 dinat
376 1795 528 1835 prefatus
555 1796 714 1826 dominus
742 1797 947 1835 procurator,
974 1795 1064 1826 dicto
1091 1795 1236 1832 nomine,
1274 1795 1365 1835 quod
1404 1793 1613 1835 Capellanus
1639 1795 1695 1835 qui
1723 1804 1781 1835 per
1806 1797 1958 1835 tempora
1985 1794 2083 1826 fuerit

254 1858 296 1888 ad
324 1858 446 1888 dictam
473 1858 650 1898 capellam,
676 1857 857 1889 cellebrare
884 1859 1036 1888 teneatur
1062 1866 1120 1888 seu
1147 1857 1320 1888 cellebrari
1358 1857 1467 1888 facere
1508 1857 1642 1897 singula
1669 1857 1722 1888 die
1749 1858 1887 1888 missam
1915 1866 2013 1888 unam
2040 1858 2081 1889 ad

258 1919 380 1950 dictam
408 1919 571 1959 capellam
600 1928 660 1959 pro
686 1919 797 1950 anima
834 1919 914 1950 dicti
953 1919 1171 1950 illustrissimi
1211 1920 1376 1960 principis
1402 1922 1433 1951 et
1459 1919 1564 1951 Ducis
1600 1919 1791 1951 fundatoris
1817 1922 1847 1950 et
1873 1920 2022 1951 dotantis
2048 1924 2079 1951 et

256 1981 374 2021 prefati
403 1982 575 2021 quondam
604 1982 823 2012 illustrissimi
850 1982 1013 2021 genitoris
1040 1982 1102 2012 sui.
1131 1981 1208 2012 ltein
1235 1982 1341 2013 voluit
1367 1984 1397 2013 et
1423 1982 1593 2013 ordinavit
1618 1991 1657 2013 ac
1685 1982 1755 2013 vult
1780 1984 1811 2013 et
1837 1982 1969 2013 ordinat
2010 1991 2084 2023 pre-

255 2043 345 2075 fatus
371 2044 531 2074 dominus
558 2046 754 2084 procurator
779 2044 868 2074 dicto
895 2044 1040 2081 nomine,
1067 2044 1159 2084 quod
1187 2044 1238 2075 ius
1265 2046 1464 2084 patronatus
1478 2047 1509 2075 et
1523 2045 1711 2082 advocatie,
1738 2045 1858 2084 iusque
1885 2045 2080 2076 nominandi

254 2109 284 2137 et
311 2106 528 2146 presentandi
556 2106 769 2146 capellanum
795 2106 837 2137 ad
865 2106 988 2137 dictam
1016 2106 1179 2146 capellam
1207 2115 1265 2137 seu
1292 2107 1333 2138 ad
1361 2107 1628 2147 suprascriptum
1648 2104 1870 2139 sacerdotalle
1890 2107 2082 2138 benefitium

255 2169 332 2199 dum
361 2177 418 2208 pei·
444 2171 596 2208 tempora
624 2169 768 2205 vacabit,
795 2169 837 2199 sit
863 2171 894 2199 et
921 2169 1086 2209 pertineat
1112 2178 1150 2200 ac
1178 2171 1306 2209 spectet
1332 2169 1431 2210 pleno
1451 2170 1520 2200 iure
1539 2169 1669 2210 prefato
1689 2169 1918 2201 illustrissimo
1944 2170 2082 2201 domino

256 2231 393 2261 domino
422 2230 602 2262 Francisco
629 2229 751 2262 Sfortie
778 2231 984 2263 Vicecomiti.
1012 2230 1096 2262 Duci
1124 2231 1323 2269 Mediolani,
1351 2234 1384 2262 ut
1410 2240 1522 2272 supra,
1541 2232 1682 2272 eiusque
1701 2232 1778 2263 filiis
1797 2232 1957 2263 masculis
1974 2232 2081 2263 eidem

257 2293 286 2323 in
314 2293 403 2324 dicto
429 2293 552 2324 ducatu
581 2293 752 2333 legiptime
778 2293 1076 2331 descendentibus,
1104 2294 1259 2325 videlicet
1285 2294 1530 2334 primogenitis,
1558 2294 1735 2334 ipsiusque
1774 2292 1950 2334 Capellam
1978 2294 2083 2324 nomi-

257 2355 404 2386 nationis
430 2358 459 2386 et
487 2355 749 2395 presentationis
775 2355 998 2392 confirmatio,
1026 2355 1192 2386 institutio
1217 2358 1248 2387 et
1273 2356 1439 2387 admissio
1465 2356 1518 2393 sit,
1545 2358 1674 2396 spectet
1700 2358 1731 2387 et
1758 2356 1921 2396 pertineat
1939 2356 1980 2386 ad
2008 2364 2083 2396 pre—

257 2417 359 2447 fatum
385 2418 705 2448 reverendissiimim
733 2418 906 2448 dominum
934 2417 1107 2448 dominum
1134 2416 1348 2449 Cardinalem
1376 2421 1407 2449 et
1434 2418 1640 2458 Episcopum
1682 2419 1823 2458 eiusque
1864 2426 2082 2449 successores

257 2479 419 2509 canonice
447 2479 686 2510 instituendos.
713 2478 848 2516 Quibus
875 2480 1034 2511 omnibus
1059 2483 1090 2510 et
1116 2480 1262 2521 singulis
1289 2480 1440 2520 prefatus
1466 2481 1624 2511 dominus
1651 2480 1900 2512 Locumtenens
1925 2489 1965 2511 ex
1993 2483 2081 2512 certa

258 2541 396 2571 scientia
423 2550 587 2580 expresse
613 2541 786 2572 consensit
813 2544 843 2572 et
870 2542 1048 2578 consentit,
1074 2543 1192 2582 eisque
1219 2542 1370 2582 prefatus
1395 2543 1554 2574 dominus
1581 2542 1827 2574 Locumtenens
1853 2551 1947 2573 suam
1966 2544 2082 2574 aucto-

261 2602 388 2633 ritatem
419 2603 618 2642 interposuit
645 2606 674 2633 et
702 2604 882 2643 interponit
909 2612 982 2634 cum
1010 2604 1156 2641 decretO,
1184 2605 1361 2645 ipsamque
1388 2605 1515 2645 capelle
1552 2605 1763 2641 erectionem,
1789 2604 2017 2635 fondationem
2044 2613 2080 2635 ac

257 2664 347 2694 dotis
374 2665 648 2695 constitutionem
675 2666 885 2696 confirmavit
913 2669 943 2696 et
970 2667 1145 2697 confirmat
1178 2676 1217 2697 eo
1255 2667 1382 2698 meliori
1422 2667 1502 2703 iure,
1541 2667 1605 2703 via,
1644 2666 1756 2703 modo,
1789 2674 1892 2697 causa
1918 2668 1948 2697 et
1974 2666 2080 2698 forma

258 2726 382 2765 quibus
410 2726 529 2756 melius
554 2730 583 2757 et
612 2727 759 2757 validius
787 2728 893 2766 potuit
919 2731 950 2758 et
978 2730 1099 2767 potest.
1127 2727 1330 2766 Decernens,
1356 2729 1445 2759 omni
1474 2730 1542 2759 iure
1569 2730 1602 2759 ut
1628 2737 1741 2768 supra,
1761 2728 2022 2759 nominationem
2049 2731 2080 2760 et

260 2789 544 2828 presentationem
573 2788 758 2819 futurorum
787 2788 1048 2829 Capellanorum
1075 2791 1304 2830 suprascripte
1328 2790 1459 2836 capelle
1477 2791 1519 2821 ad
1538 2785 1703 2830 prefatum
1732 2789 1995 2821 illustrissimum
2022 2791 2082 2822 do-

259 2851 384 2880 minum
411 2850 585 2880 dominum
615 2849 830 2881 Franciscum
869 2849 1027 2882 Sfortiam
1067 2851 1305 2883 vicecomitem
1344 2851 1471 2883 Ducem
1510 2851 1708 2889 Mediolani,
1738 2854 1798 2883 etc.
1824 2852 1966 2892 eiusque
1992 2852 2081 2884 filios

260 2913 431 2943 masculos
459 2913 651 2952 legiptimos
677 2915 706 2943 et
734 2911 817 2943 Duci
846 2913 1032 2944 Mediolani
1060 2922 1282 2945 successores
1308 2922 1492 2953 eorumque
1519 2914 1777 2945 successoribus
1818 2912 1983 2947 Ducibus,
2008 2923 2084 2946 suc-

258 2975 404 3010 cessive,
430 2975 563 3014 singula
590 2974 735 3014 singulis
763 2974 950 3011 referendo,
977 2977 1140 3014 patronos
1165 2978 1196 3006 et
1222 2975 1409 3007 advocatos
1447 2976 1629 3013 institutos,
1671 2978 1824 3016 spectare
1849 2978 1881 3007 et
1906 2977 2080 3016 pertinere,

259 3039 480 3077 ipsorumque
507 3036 770 3076 Capellanorum
810 3037 1051 3068 nominationis
1077 3040 1108 3068 et
1134 3037 1396 3077 presentationis
1433 3038 1675 3069 admissionem
1702 3046 1739 3069 ac
1766 3039 1926 3070 nominati
1953 3040 1984 3070 et
2010 3047 2084 3079 pre-
