2305 3407
274 153 312 186 12

359 285 471 317 Frater
496 285 671 317 Obediens
697 285 738 316 de
765 284 972 316 Alexandria

360 348 471 380 Frater
497 347 616 379 Petrus
643 347 770 379 Paulus
797 347 837 379 de
865 346 971 387 Papia

362 410 475 442 Frater
499 409 594 442 Sirus
620 410 661 441 de
687 408 808 442 Caxali
835 409 1004 441 Beltramo
1030 405 1258 447 (cancellato).

1063 582 1312 623 DCLXII.

363 694 391 722 Il
415 693 531 722 Priore
556 693 588 721 di
613 694 646 721 S.
674 692 840 728 Agostino
866 692 897 720 fa
922 700 987 720 una
1011 690 1258 719 dichiarazione
1282 699 1342 727 per
1366 689 1650 727 l'adempimento
1675 689 1708 718 di
1733 699 1777 718 un
1801 690 1922 725 legato.

896 805 1050 834 1603,
1082 804 1358 835 ge1111311109
1392 803 1470 828 12.

787 893 863 914 (Aren.
882 893 960 913 Nutar.
979 893 999 913 di
1018 893 1095 913 Pavia.
1112 905 1135 906 j
1153 893 1200 914 Atti
1217 892 1238 913 di
1255 892 1312 913 Gran
1328 892 1443 918 Agostino
1459 892 1587 915 Morasco).

348 1080 467 1194 N
526 1096 616 1122 ELLA
642 1091 752 1122 chiesa
779 1091 866 1122 della
892 1089 951 1122 SS.
983 1089 1117 1127 Trfflitci,
1143 1090 1359 1121 cantantibus
1385 1093 1415 1121 et
1442 1090 1695 1122 celebrantibus
1723 1090 1847 1121 ibidem
1876 1090 1906 1120 in
1933 1089 2021 1120 dicta
2047 1098 2100 1120 ec-

547 1155 659 1191 etesia,
686 1154 727 1185 ad
754 1154 858 1185 altare
877 1153 983 1184 sancti
1005 1152 1172 1189 Bassiani,
1200 1151 1451 1183 venerabilibus
1478 1151 1625 1182 dominis
1645 1150 1758 1182 Priore
1778 1154 1808 1182 et
1828 1151 1987 1182 tratribus
2012 1149 2102 1183 Con-

502 1253 507 1254 7
549 1219 671 1248 ventus
697 1217 802 1247 sancti
831 1215 1011 1256 Augustini
1040 1214 1155 1255 Papie,
1183 1216 1320 1246 missam
1349 1223 1447 1246 unam
1475 1215 1506 1245 in
1534 1217 1633 1246 cantu
1660 1223 1678 1246 a
1705 1214 1856 1245 mortuis.
1882 1212 2104 1246 Reverendus

279 1289 374 1312 sacre
401 1281 523 1321 pagine
551 1279 725 1320 professor
751 1279 909 1309 dominus
936 1279 1095 1319 magister
1121 1276 1259 1309 Gabriel
1285 1277 1326 1308 de
1354 1276 1470 1317 Papia,
1497 1276 1592 1307 Prior
1618 1276 1813 1307 monasterii
1855 1276 1962 1307 sancti
1989 1275 2105 1316 Augu-

281 1343 357 1374 stini
396 1342 536 1374 Ordinis
575 1341 864 1372 Heremitaruin....
902 1341 988 1371 dixit
1025 1343 1055 1371 et
1090 1342 1298 1380 protestatus
1334 1339 1438 1370 fuit...
1477 1339 1568 1379 quod
1608 1339 1672 1379 ipsi
1706 1338 1875 1370 celebrant
1912 1340 1943 1369 et
1968 1339 2103 1369 cantant

278 1406 401 1436 dictam
429 1406 568 1436 missam
597 1414 614 1436 a
642 1404 784 1435 mortuis
811 1404 841 1434 in
869 1406 979 1439 cantu,
1007 1412 1066 1443 pro
1093 1403 1205 1433 anima
1230 1405 1261 1433 et
1287 1401 1395 1433 salute
1421 1402 1531 1432 anime
1557 1410 1595 1432 ac
1621 1401 1855 1433 anniversario
1885 1409 1972 1432 nunc
1998 1409 2106 1441 quon-

280 1468 357 1498 dam
385 1467 519 1498 domine
546 1465 718 1498 Casteline
745 1466 785 1496 de
812 1465 994 1502 Furnariis‚
1021 1467 1051 1495 et
1079 1465 1108 1495 in
1136 1466 1167 1495 et
1193 1473 1253 1505 pro
1290 1465 1525 1504 exequucione
1551 1466 1581 1495 et
1608 1463 1854 1495 observacione
1892 1463 2004 1494 oneris
2041 1463 2105 1503 ipsi

282 1530 487 1560 monasterio
514 1529 651 1560 iniuncti
681 1529 711 1559 in
739 1529 850 1569 legato
877 1528 940 1559 sibi
968 1527 1094 1564 relictO,
1133 1535 1192 1567 per
1229 1526 1337 1566 ipsam
1376 1526 1547 1557 dominam
1585 1524 1804 1563 Castelinam,
1831 1526 1862 1556 in
1889 1525 1963 1556 eius
1990 1524 2106 1556 ultimo

282 1594 494 1628 testamento,
521 1591 561 1622 de
588 1600 655 1631 quo
681 1590 803 1621 asserit
829 1599 992 1630 apparere
1019 1589 1156 1629 publico
1184 1589 1406 1620 instrumento
1433 1591 1550 1628 rogato
1569 1597 1658 1619 anno
1675 1596 1775 1619 curso
1802 1585 2106 1627 MCCCLXXXHJ,

283 1655 337 1686 die
365 1654 436 1685 XXI
464 1654 670 1688 novembris.
699 1662 757 1693 per
793 1662 880 1684 nunc
919 1652 1090 1692 quondam
1130 1651 1302 1682 dominum
1342 1650 1498 1682 Iacobum
1525 1651 1565 1682 de
1592 1650 1718 1682 Bennis
1752 1650 1830 1681 olim
1858 1650 2023 1681 notarium
2051 1657 2109 1689 pa-

287 1718 439 1758 piensem
458 1714 519 1756 (1).

1068 1870 1341 1911 DCLXIII.

376 1984 504 2018 Legato
530 1981 787 2010 testamentario
813 1991 831 2010 a
856 1982 970 2009 favore
996 1981 1028 2009 di
1053 1981 1137 2009 frate
1162 1981 1307 2009 Michele
1331 1980 1445 2009 Pietra
1469 1979 1501 2008 di
1526 1980 1558 2008 S.
1585 1979 1753 2008 Mostiola.

952 2095 1106 2123 1303.
1141 2102 1245 2119 1115}
1254 2102 1356 2126 rzo,
1390 2095 1441 2119 2.

853 2184 918 2204 Arcli.
937 2184 1015 2204 Notnr.
1033 2184 1054 2204 di
1073 2183 1150 2204 l’nvin.
1167 2195 1191 2196 j
1208 2184 1254 2204 Atti
1272 2183 1293 2203 di
1310 2183 1414 2208 (hspare
1431 2182 1530 2203 Txiccnni
1545 2200 1548 2203 .

363 2370 484 2485 N
540 2387 629 2412 ELLA
656 2391 735 2413 cusu
761 2382 814 2413 del
837 2383 960 2419 notffl'o,
987 2383 1018 2413 in
1044 2381 1243 2413 Parroccln'a
1262 2382 1296 2413 αἰ·
1313 2381 1345 2413 S.
1364 2381 1504 2412 Mz'clzele
1529 2381 1714 2419 Maggiw‘e.
1746 2380 1953 2411 Testamenta
1979 2379 2031 2411 del
2054 2388 2112 2410 110-

563 2444 626 2475 ln'le
652 2444 788 2475 Zniionc
814 2443 933 2480 Pietra,
961 2444 1014 2475 tle!
1031 2443 1072 2484 fu
1098 2443 1317 2484 Mcmfreclino,
1337 2445 1371 2476 cli
1388 2444 1506 2481 Paula,
1524 2444 1577 2475 nel
1593 2443 1690 2483 quale
1710 2443 1853 2474 instituit
1872 2443 1935 2473 sibi
1956 2442 2111 2473 heredem

523 2544 526 2545 ⁷
564 2507 798 2547 particularem
827 2507 958 2538 fratrem
978 2506 1192 2538 Nlieliaelleni
1212 2507 1252 2537 de
1269 2506 1375 2544 Petra,
1394 2507 1466 2537 eius
1486 2506 1610 2537 domini
1631 2505 1801 2536 testatoris
1827 2508 1856 2536 et
1882 2505 2018 2535 domine
2037 2503 2114 2535 Ala-

297 2571 373 2601 xine
402 2571 441 2600 de
469 2570 610 2602 Lazeris.
639 2570 810 2609 iugalium,
840 2570 943 2600 filium
987 2569 1206 2610 legiptimum,
1247 2568 1386 2600 Ordinis
1428 2568 1670 2600 llereinitaruin
1698 2567 1805 2598 sancti
1832 2566 2010 2607 Augustini
2037 2575 2114 2606 pro-

294 2631 420 2662 fessum
449 2633 478 2662 in
506 2635 674 2662 conventu
703 2634 818 2663 sancte
846 2631 1000 2663 Nlutiolle
1040 2630 1143 2671 Papie
1182 2631 1322 2671 predicti
1361 2630 1544 2662 Ordinis...
1573 2631 1603 2661 in
1630 2630 1738 2661 soldis
1774 2630 1922 2669 quinque
1961 2629 2115 2669 imperia-

295 2694 382 2724 libus
410 2704 468 2724 nec
497 2703 560 2724 non
588 2698 618 2724 et
647 2695 676 2724 in
705 2694 798 2725 libris
839 2697 971 2725 centuni
1015 2694 1259 2734 imperialibus,
1301 2695 1436 2734 singulo
1476 2702 1564 2724 anno
1598 2693 1722 2723 dandis
1747 2694 1777 2723 et
1803 2692 2023 2723 solvendis.,..
2050 2692 2114 2732 ipsi

295 2755 384 2786 fratri
413 2755 596 2792 Micliaelli,
623 2757 712 2786 (unni
740 2765 840 2792 anno,
867 2760 937 2787 toto
978 2759 1129 2796 tempore
1155 2757 1228 2787 eius
1255 2756 1366 2787 fratris
1409 2755 1598 2786 Micliaellis
1625 2755 1691 2786 vite
1718 2756 1844 2785 tantum
1871 2757 1901 2784 et
1928 2763 1993 2785 non
2021 2754 2115 2788 ultra.

295 2820 327 2848 et
354 2818 416 2848 boc
444 2826 503 2857 pro
530 2818 709 2850 alimentis.
737 2819 825 2849 victu
854 2820 884 2848 et
911 2818 1034 2849 vestitu
1061 2827 1098 2849 ac
1127 2827 1187 2857 pro
1214 2817 1394 2858 disciplina
1421 2820 1451 2848 et
1477 2817 1552 2848 aliis
1578 2817 1839 2848 necessitatibus
1873 2817 1982 2856 ipsius
2008 2816 2118 2847 fratris

299 2878 502 2909 Micliaellis.

371 3037 388 3059 1)
405 3035 460 3055 Vedi
477 3035 528 3055 doc.
546 3041 565 3055 n,
584 3034 661 3056 CDLx
