2305 3407
996 338 1305 379 DCCCVIII.

325 453 351 481 11
379 452 499 480 Priore
525 451 700 480 Generale
727 451 815 478 frate
853 449 1020 478 Gabriele
1061 449 1198 476 Veneto
1235 448 1388 476 concede
1415 456 1434 475 a
1461 448 1548 475 frate
1584 446 1702 475 Pietro
1728 447 1772 475 da
1800 446 1912 475 Pavia
1938 446 1960 474 1'
1979 455 2057 475 usu-

215 507 322 534 frutto
348 506 383 534 di
408 514 476 534 una
502 504 744 542 possessione.

857 607 994 631 1523
1005 622 1019 637 9
1051 606 1291 638 11mztgglo
1302 621 1315 637 ‚
1345 605 1435 630 28.

783 696 851 716 Arcu,
869 696 949 716 Notar.
966 696 987 716 di
1006 695 1076 716 Pavia
1093 705 1115 708 —-
1133 695 1180 716 Atti
1197 695 1218 715 di
1235 694 1292 715 Gian
1310 694 1388 715 i’ieiro
1404 694 1502 720 Appiani
1520 711 1523 714 ⁴

323 881 410 997 F
482 898 602 926 RATER
627 892 764 925 Gabriel
793 893 998 924 venerabilis
1023 892 1163 924 Ordinis
1190 892 1433 924 Heremitarum
1460 894 1566 924 sancti
1594 892 1774 933 Augustini
1803 892 1982 924 Generalis
2009 893 2056 923 in-

504 957 639 996 dignus,
665 955 850 987 venerabili
876 958 907 987 et
934 955 1079 987 nobisin
1096 953 1234 987 Christo
1253 955 1376 986 dilecto
1404 956 1564 996 magistro
1592 954 1691 987 Petro
1718 954 1877 996 Papiensi
1904 955 2055 986 eiusdem

311 1055 314 1056 ⁷
455 1055 468 1056 ἶ
503 1018 643 1051 Ordinis
669 1021 699 1050 et
727 1019 807 1055 voti,
834 1018 988 1050 salutem.

320 1082 519 1122 Exposuisti
547 1081 647 1112 nobis
673 1083 728 1112 tua
755 1083 784 1112 te
810 1089 913 1121 opera
940 1082 971 1111 et
996 1080 1170 1120 diligentia
1196 1080 1354 1120 adegisse
1381 1080 1560 1120 quemdam
1589 1080 1783 1120 magistrum
1805 1078 1989 1119 Baptistam
2017 1079 2057 1110 de

231 1144 416 1176 Vilanterio
442 1145 641 1184 cirugicum‚
669 1146 703 1174 ut
729 1144 987 1183 possessionem
1014 1145 1137 1174 certam
1164 1143 1346 1173 conventui
1372 1143 1479 1173 sancti
1509 1142 1688 1183 Augustini
1716 1142 1756 1173 de
1783 1141 1889 1182 Papia
1931 1141 2055 1182 legaret

232 1210 396 1247 perpetuo
424 1207 643 1238 retinendam.
672 1205 709 1237 Et
736 1206 826 1246 quia,
853 1206 909 1245 qui
937 1214 1000 1236 suo
1027 1205 1190 1236 beneficio
1227 1205 1421 1236 monasterii
1459 1213 1545 1245 opes
1581 1204 1804 1245 adaugendas
1829 1206 1929 1244 atque
1955 1212 2056 1234 excu-

232 1269 412 1300 mulandas
438 1271 541 1305 curat,
568 1269 692 1309 dignus
719 1270 769 1299 est
796 1271 829 1299 ut
855 1267 1007 1299 eiusdem
1034 1269 1223 1298 conventus
1251 1267 1282 1298 in
1309 1276 1344 1299 se
1371 1267 1571 1298 beneficium
1613 1267 1746 1303 sentiat,
1787 1266 1929 1306 eiusque
1956 1266 2057 1296 bene-

231 1332 306 1362 ficio
334 1333 421 1363 vitae
447 1340 529 1362 suae
557 1331 748 1362 necessaria
774 1333 957 1370 comparet,
984 1339 1023 1361 ne
1050 1329 1101 1361 vel
1130 1330 1158 1361 is
1184 1330 1242 1360 tibi
1271 1330 1422 1370 ingratus
1448 1330 1500 1361 vel
1528 1338 1590 1360 nos
1617 1330 1648 1360 in
1675 1338 1708 1360 re
1735 1338 1799 1359 non
1827 1329 1938 1359 minus
1968 1329 2055 1359 iusta

233 1403 333 1434 quam
362 1395 416 1434 pia
444 1394 554 1425 miuus
581 1393 798 1434 indulgentes
841 1393 1027 1430 videamur,
1068 1393 1208 1423 eandem
1240 1392 1496 1432 possessionem
1524 1394 1580 1422 tuo
1608 1391 1681 1422 usui
1710 1391 1915 1431 presentium
1942 1392 2056 1421 tenore

229 1457 460 1493 concedimus,
487 1459 588 1496 atque
615 1458 801 1495 proventus
828 1457 858 1486 et
885 1455 1014 1486 fructus
1039 1463 1173 1485 annuos
1199 1463 1239 1485 ex
1268 1454 1323 1486 illa
1349 1456 1391 1491 te,
1419 1454 1564 1495 singulis
1594 1454 1789 1493 quibusque
1808 1453 1916 1489 annis,
1942 1453 2056 1493 quoad

232 1512 370 1556 vixeris,
398 1521 633 1559 percepturum
661 1518 830 1555 volumus,
868 1518 1042 1557 nostrique
1083 1516 1185 1548 officii
1227 1517 1426 1547 auctoritate
1468 1516 1658 1552 statuimus,
1699 1514 1890 1546 facultatem
1925 1515 1983 1545 tibi
2010 1513 2057 1546 fa-

231 1582 370 1617 cientes,
397 1589 463 1621 qua
489 1580 627 1612 eosdem
656 1582 841 1620 proventus
868 1579 1002 1620 exigere
1029 1579 1155 1619 possis,
1181 1581 1212 1610 et
1238 1579 1268 1609 in
1297 1579 1362 1609 illis
1388 1578 1579 1619 exigendis,
1616 1586 1850 1618 quascumque
1891 1585 2057 1617 personas

232 1644 323 1683 apud
350 1643 527 1683 quodlibet
553 1642 660 1673 torum
688 1643 817 1679 sistere,
843 1642 1029 1682 quitantias
1055 1641 1162 1672 faeere
1188 1644 1219 1672 et
1245 1643 1375 1672 caetera
1401 1641 1523 1680 exequi
1551 1649 1637 1680 quae
1657 1640 1787 1670 illorum
1807 1639 1975 1670 exactioni
2003 1648 2059 1684 ne-

232 1706 381 1737 cessaria
408 1708 593 1736 occurrent.
621 1705 761 1745 Insuper
787 1705 1033 1745 praecipientes
1059 1704 1219 1735 omnibus
1245 1705 1275 1734 et
1302 1703 1448 1744 singulis
1474 1702 1572 1733 nobis
1592 1701 1818 1738 inferioribus,
1847 1702 1876 1732 in
1904 1701 2055 1732 meritum

233 1771 347 1799 sancte
374 1768 588 1798 obedientiae
614 1776 652 1798 ac
679 1768 743 1798 sub
770 1776 879 1807 poena
906 1769 1041 1798 nostrae
1068 1766 1273 1802 rebellionis,
1294 1774 1333 1796 ne
1350 1765 1415 1796 sibi
1436 1766 1466 1795 in
1487 1764 1679 1804 praedictae
1721 1764 1954 1804 possessionis
1981 1771 2058 1795 usu-

235 1830 402 1870 capiendo
428 1839 466 1861 ac
495 1830 718 1870 proventibus
744 1829 934 1870 exigendis,
961 1829 1028 1860 ullo
1055 1831 1154 1869 pacto
1180 1837 1239 1860 seu
1267 1828 1395 1859 ratione
1422 1827 1597 1858 molestiae
1625 1827 1675 1858 vel
1705 1827 1945 1867 impedimento
1982 1835 2057 1858 esse

233 1892 390 1923 debeant.
418 1891 507 1922 l-{aee
532 1894 642 1922 autem
669 1891 781 1922 omnia
807 1900 846 1922 ea
873 1891 944 1931 lege
971 1891 1029 1921 tibi
1057 1899 1221 1922 concessa
1248 1898 1324 1921 esse
1351 1890 1519 1927 volumus,
1546 1890 1572 1920 si
1601 1890 1643 1920 ita
1670 1889 1722 1926 sit,
1750 1891 1782 1920 ut
1810 1889 1960 1928 predicta
1980 1897 2059 1928 pos-

233 1955 344 1986 sessio
385 1956 440 1985 tua
483 1954 646 1985 industria
684 1956 714 1984 et
752 1953 980 1984 sollicitudine
1017 1954 1198 1984 conventui
1237 1952 1334 1984 fuerit
1372 1953 1491 1993 legata.
1530 1951 1659 1985 Rursus
1685 1952 1711 1983 si
1740 1954 1852 1992 patres
1878 1960 1916 1982 ac
1941 1950 2060 1983 fratres

233 2018 420 2048 conventus
446 2016 578 2047 assensi
605 2018 701 2046 erunt
726 2016 859 2046 comuni
887 2018 967 2046 voto
993 2018 1026 2046 ut
1053 2018 1085 2046 tu
1114 2015 1168 2046 illa
1195 2015 1334 2055 potiaris
1360 2015 1391 2046 in
1418 2014 1561 2045 Nomine
1582 2013 1690 2045 Patris
1716 2017 1746 2045 et
1774 2013 1845 2044 Filii
1865 2016 1895 2044 et
1913 2012 2059 2054 Spiritus

234 2078 358 2115 Sancti,
385 2087 493 2109 amen.
520 2078 602 2109 Vale
629 2078 659 2108 in
687 2076 844 2108 Domino.
872 2077 1047 2109 Bononiae
1074 2077 1127 2108 die
1153 2077 1284 2109 XXVlll
1313 2078 1400 2114 maii,
1431 2077 1522 2109 1525.
1562 2076 1594 2108 F.
1621 2075 1756 2108 Gabriel
1801 2075 1977 2108 Generalis
2012 2076 2059 2106 in-

234 2142 369 2181 dignus.
395 2138 548 2181 (Sigillo)
573 2138 634 2179 (l).

308 2299 325 2320 l)
342 2297 358 2318 Α
375 2299 441 2321 tergo
457 2297 493 2317 del
510 2297 650 2317 documento
666 2296 684 2316 si
702 2297 766 2322 {egge
783 2297 802 2316 la
819 2299 931 2321 seguente
947 2296 1119 2317 deliberazione
1175 2296 1248 2321 gistro
1265 2296 1334 2317 Petro
1350 2296 1378 2316 de
1394 2295 1542 2317 Castronovo
1559 2296 1637 2321 quoad
1653 2296 1734 2315 vixerit
1751 2295 1899 2316 concedatur.
1917 2295 1939 2315 ln
1956 2300 2054 2320 quorum

239 2342 374 2367 capitolare,
392 2344 472 2366 rogatu
489 2341 550 2361 dallo
567 2343 644 2361 stesso
658 2341 845 2366 notaioAppiani
860 2348 863 2360 :
881 2341 903 2361 ln
919 2341 1010 2361 nornine
1021 2340 1120 2365 Domini,
1177 2340 1245 2361 iidem
1271 2342 1403 2366 presentem
1428 2340 1646 2361 determinationem
1672 2345 1738 2360 manu
1765 2340 1858 2365 propria
1883 2339 1965 2365 scripsi
1981 2340 2003 2359 ct
2021 2344 2055 2359 me

239 2392 313 2406 amen,
331 2386 396 2406 Anno
413 2386 504 2406 Domini
522 2385 639 2409 MDXXV,
656 2386 692 2405 die
709 2388 793 2410 quarto
809 2385 899 2405 decimo
917 2385 963 2405 lulii
981 2391 1065 2410 perine
1077 2391 1122 2406 ma—
1178 2385 1315 2410 subscripsi,
1337 2391 1398 2405 anno
1420 2385 1464 2407 die.
1491 2390 1569 2405 mense
1592 2387 1616 2405 ut
1639 2390 1718 2410 supra.
1743 2384 1803 2404 idem
1827 2384 1937 2409 magister
1952 2384 2054 2408 Gabriel,

240 2431 336 2454 gistrum
353 2430 483 2451 Gabrielem
511 2430 648 2455 Pinnensem
675 2429 776 2450 priorem
803 2432 933 2450 conventus
955 2430 1028 2450 sancti
1045 2430 1121 2455 Augu-
1178 2429 1242 2450 Prior
1259 2431 1282 2450 ut
1299 2435 1378 2455 supra,
1395 2429 1514 2450 confirmo,
1539 2429 1586 2454 Ego
1609 2428 1679 2449 trater
1703 2429 1777 2449 Lucas
1793 2428 1820 2449 de
1837 2428 1987 2453 Roniagnano
2002 2434 2055 2449 con-

239 2475 292 2494 stini
311 2474 389 2499 l'apic,
406 2475 499 2494 Ordinis
523 2475 627 2495 Fratrum
655 2475 815 2499 lircmitaruin,
841 2480 918 2494 corani
944 2476 995 2494 toto
1011 2474 1121 2500 Capitulo
1177 2474 1243 2494 firmo
1259 2476 1283 2495 ut
1299 2479 1378 2499 supra.
1396 2474 1444 2499 Ego
1460 2474 1571 2499 magister
1588 2473 1671 2494 Petrus
1687 2473 1714 2493 dc
1731 2472 1831 2494 Canellis
1847 2473 1958 2493 continno
1975 2475 1999 2493 ut
2017 2478 2054 2494 su-

241 2522 388 2543 prapositum
415 2522 449 2538 cst
477 2521 499 2539 ut
527 2518 676 2539 ususfructus
702 2519 860 2544 possessionis
875 2519 903 2539 de
920 2524 965 2544 qua
982 2519 1002 2539 in
1019 2519 1121 2544 presenti
1178 2524 1226 2544 pra.
1245 2519 1292 2544 ligo
1307 2518 1377 2539 irater
1393 2518 1501 2539 Aurelius
1523 2518 1632 2543 subprior
1654 2517 1767 2538 contirmo
1784 2519 1807 2538 ut
1824 2523 1902 2543 supra.
1921 2517 1968 2542 Ego
1983 2516 2055 2538 trater

241 2562 295 2582 tolio
320 2566 396 2586 :igitur
421 2567 450 2583 sit
478 2564 589 2587 magistro
615 2563 684 2583 l‘etro
707 2563 735 2583 ‹tc
756 2563 904 2584 Castronoro
920 2563 1084 2584 concedendus
1101 2565 1122 2584 ct
1178 2563 1278 2583 Micliael
1294 2563 1396 2587 Angelus
1411 2563 1439 2583 de
1456 2562 1527 2587 Papia
1544 2561 1656 2583 continuo
1673 2564 1696 2582 ut
1713 2567 1791 2587 supra.
1806 2562 1854 2585 Ego
1866 2561 1936 2582 trater
1947 2562 2054 2586 Orpheus

242 2607 333 2627 tandem
359 2609 420 2627 votis
445 2607 540 2627 fratrum
567 2608 688 2631 diligenter
714 2608 841 2632 requisitis,
858 2607 948 2628 nemine
964 2607 1120 2633 discrepante,
1177 2608 1204 2628 de
1221 2607 1332 2628 Vercellis
1346 2607 1458 2628 confirmo
1474 2609 1497 2627 ut
1513 2612 1592 2632 supra,

241 2651 375 2671 conclusum
400 2654 433 2671 cst
459 2652 520 2676 quod
548 2652 668 2676 predictus
693 2652 841 2672 ususfructus
865 2652 939 2672 cidem
957 2652 1061 2676 pst-iactu
1078 2658 1123 2672 nia-
1233 2651 1288 2672 Vedi
1306 2652 1318 2671 il
1335 2652 1476 2672 documento
1492 2651 1528 2672 del
1544 2651 1569 2671 22
1585 2656 1663 2671 marzo
1682 2651 1738 2672 1520,
