2305 3407
281 144 341 175 176

1042 328 1126 368 DC
1135 327 1342 368 CCLVI.

362 446 411 474 La
439 446 546 473 Santa
574 446 663 474 Sede
690 446 842 474 concede
869 455 887 473 a
915 446 1003 473 frate
1030 446 1174 473 Aurelio
1199 446 1242 472 da
1269 445 1403 473 Candia
1430 445 1463 473 di
1490 445 1609 473 vivere
1637 446 1725 473 fuori
1752 446 1807 473 del
1835 446 2012 474 Convento
2030 455 2091 482 per·

273 500 460 527 infermita.

925 596 942 618 1
952 595 1078 623 335,
1111 594 1163 625 gl
1175 602 1187 618 ι
1197 601 1347 625 agg-110,
1380 594 1432 618 8.

834 692 893 712 Arcu
919 692 999 712 Nufar.
1017 692 1038 712 di
1057 692 1127 712 Pax-ia
1154 703 1175 705 —
1194 692 1241 712 Atti
1258 692 1278 711 di
1296 691 1420 712 (ierolamo
1436 691 1517 711 Oualla
1532 709 1536 712 .

340 875 453 988 A
520 903 684 929 NTONlUS
709 899 925 930 miseratione
952 899 1067 929 divina
1082 901 1144 929 etc.
1160 902 1353 930 sanctorum
1374 900 1519 938 quatuor
1545 897 1792 930 Coronatorum
1821 899 1987 939 presbiter
2012 897 2094 931 Car—

539 961 674 998 dinalis,
701 961 823 992 dilecto
851 961 881 992 in
908 959 1045 992 Cliristo
1072 960 1209 991 Aurelio
1236 960 1276 992 de
1305 960 1466 994 Realibus
1492 961 1532 992 de
1558 959 1691 992 Caudia
1728 961 1915 1001 presbitero
1953 959 2092 992 Ordinis

540 1023 689 1054 Fratrum
718 1023 937 1054 Eremitarum
964 1023 1071 1054 sancti
1099 1022 1279 1063 Augustini
1299 1024 1475 1064 papiensis
1495 1023 1692 1064 professori,
1719 1024 1861 1056 salutem
1883 1025 1913 1055 111
1934 1023 2090 1055 Domino.

357 1086 404 1117 lix
433 1090 525 1126 parte
552 1089 607 1116 tua
634 1086 734 1117 nobis
759 1085 873 1117 oblata
900 1085 1017 1126 petitio
1043 1085 1240 1117 continebat
1266 1086 1357 1126 quod
1384 1095 1458 1117 cum
1486 1088 1518 1117 tu
1546 1087 1693 1126 quadam
1713 1087 1758 1117 tui
1779 1087 1932 1127 corporis
1958 1087 2090 1118 occulta

268 1150 457 1180 infirmitate
483 1151 645 1188 gravatus
668 1148 809 1183 existas,
847 1150 984 1188 propter
1021 1156 1121 1188 quam
1149 1148 1179 1178 in
1208 1148 1291 1178 locis
1317 1148 1530 1188 regularibus
1568 1148 1645 1179 dieti
1685 1147 1835 1185 Ordinis,
1862 1149 1993 1188 absque
2019 1157 2092 1180 cor-

266 1212 357 1252 poris
384 1212 428 1242 1111
455 1211 637 1251 dispendio
662 1213 693 1241 et
720 1211 785 1241 vite
812 1210 961 1251 periculo
988 1210 1129 1241 ulterius
1155 1219 1325 1241 remanere
1352 1219 1416 1241 non
1444 1210 1549 1245 vales,
1576 1211 1674 1250 cupis
1701 1214 1877 1251 propterea
1903 1213 1997 1242 extra
2017 1211 2090 1242 loca

265 1274 431 1314 regularia
458 1273 653 1305 huiusmodi
681 1273 899 1313 permanendi
928 1273 1096 1304 licentiam
1123 1272 1181 1303 tibi
1209 1272 1398 1313 apostolica
1424 1273 1625 1304 auctoritate
1650 1273 1802 1311 concedi,
1829 1282 1931 1313 super
1965 1273 2091 1313 quibus

265 1337 451 1377 supplicari
478 1335 586 1367 fecisti
615 1335 784 1367 humiliter
819 1335 878 1367 tibi
917 1344 975 1376 per
1012 1333 1132 1367 Sedem
1171 1334 1403 1375 Apostolicam
1431 1335 1472 1366 de
1498 1337 1692 1375 opportuno
1725 1335 1874 1367 remedio
1901 1344 1988 1366 nunc
2014 1344 2091 1376 pro-

266 1399 383 1430 videri.
410 1398 481 1430 Nos
509 1399 607 1439 igitur
632 1399 831 1430 auctoritate
857 1398 985 1429 domini
1013 1397 1116 1438 Pape,
1142 1398 1239 1429 cuius
1265 1396 1425 1429 Primarie
1443 1406 1556 1429 curam
1575 1398 1725 1439 gerimus
1743 1398 1833 1430 etde
1851 1398 1924 1429 eius
1951 1398 2089 1439 speciali

265 1464 295 1492 et
321 1469 488 1501 expresso
527 1461 697 1498 mandato,
732 1469 834 1501 super
861 1461 923 1491 1100
960 1461 1037 1491 ν1νο
1070 1460 1165 1492 vocis
1198 1460 1334 1491 oraculo
1360 1460 1460 1491 nobis
1485 1459 1585 1498 facto,
1612 1460 1670 1491 tibi
1699 1462 1742 1498 ut,
1769 1460 1956 1501 superioris
1983 1460 2027 1492 tui
2055 1460 2092 1491 li—

264 1524 369 1555 centia
398 1532 456 1564 per
481 1526 511 1554 te
538 1523 589 1554 vel
616 1523 717 1554 alium
745 1531 849 1563 super
876 1523 937 1554 1100
964 1523 1067 1563 petita
1093 1523 1168 1554 licet
1194 1531 1260 1554 non
1287 1522 1434 1561 obtenta,
1472 1524 1567 1554 extra
1605 1523 1677 1554 loca
1718 1523 1883 1564 regularia
1922 1523 2000 1554 dicti
2027 1521 2090 1554 Or-

263 1586 353 1617 dinis
379 1589 409 1617 et
436 1586 466 1616 in
493 1586 653 1617 domibus
681 1588 866 1625 parentum,
893 1585 1236 1625 consanguineorum,
1262 1584 1427 1622 affinium,
1453 1585 1636 1616 amicorum
1653 1587 1785 1616 tuorum
1811 1587 1868 1616 aut
1892 1585 2008 1625 aliquo
2022 1585 2089 1616 alio

266 1649 408 1679 lionesto
435 1649 508 1680 loco
534 1649 607 1679 sive
634 1648 848 1679 liereinitorio
876 1657 933 1688 per
959 1650 989 1679 te
1015 1647 1184 1689 eligendo,
1222 1647 1278 1678 ubi
1306 1647 1494 1679 benevolos
1531 1648 1700 1679 inveneris
1734 1649 1935 1688 receptores,
1973 1647 2088 1679 habitu

265 1713 321 1741 tuo
348 1711 489 1751 regulari
517 1713 644 1742 retento
671 1713 702 1742 et
728 1711 869 1742 honeste
898 1710 1046 1742 vivendo
1072 1711 1136 1742 sub
1162 1710 1357 1742 obedientia
1383 1712 1415 1742 et
1441 1710 1648 1742 correctione
1675 1709 1844 1742 Ordinarii
1872 1710 1935 1742 loci
1963 1710 1993 1741 in
2021 1719 2089 1750 quo

264 1775 294 1803 te
321 1781 381 1813 pro
407 1775 556 1813 tempore
584 1772 730 1804 residere
755 1773 942 1813 contigerit,
969 1774 1057 1804 stare
1083 1775 1113 1804 et
1139 1782 1352 1813 permanere:
1379 1773 1418 1804 Et
1444 1775 1479 1804 ut
1505 1773 1633 1804 interim
1653 1773 1865 1805 commodius
1883 1773 2087 1805 substentari

265 1834 392 1871 valeas,
418 1834 517 1866 alicui
546 1834 703 1866 benefitio
728 1834 961 1866 ecclesiastico
986 1835 1085 1866 etiam
1112 1838 1240 1873 curato,
1265 1835 1306 1866 de
1334 1835 1415 1866 illud
1442 1835 1626 1867 obtinentis
1642 1844 1824 1873 consensu,
1840 1836 1871 1866 in
1887 1835 2014 1867 divinis
2031 1835 2089 1866 de—

263 1897 400 1934 servire,
427 1899 457 1928 et
484 1899 652 1937 quatenus
677 1897 719 1928 ad
747 1897 779 1928 id
806 1897 950 1928 idoneus
976 1897 1117 1935 existas,
1143 1906 1256 1929 curam
1283 1898 1470 1929 animarum
1497 1906 1665 1936 exercere,
1703 1896 1982 1929 Cliristifidelium
2009 1906 2088 1928 con-

263 1957 432 1990 fessiones
458 1959 586 1996 audire,
611 1959 843 1990 ecclesiastica
869 1960 1080 1990 sacramenta
1107 1959 1306 1998 ministrare,
1333 1960 1474 1991 verbum
1501 1959 1562 1991 Dei
1590 1959 1718 2000 populo
1760 1960 1933 2000 predicare
1958 1968 1997 1991 ac
2022 1959 2088 1991 ele-

265 2022 415 2052 mosinas
442 2022 499 2052 tibi
528 2022 580 2062 pie
606 2021 798 2062 erogandas
824 2024 855 2053 et
880 2021 945 2053 alia
971 2030 1036 2062 que
1063 2024 1118 2053 tua
1145 2022 1311 2054 industria
1338 2022 1388 2053 vel
1414 2022 1499 2054 alias
1526 2022 1613 2054 licite
1639 2022 1865 2062 acquisiveris
1892 2022 1980 2053 bona
2007 2022 2088 2053 reci-

264 2093 342 2124 pere
368 2087 398 2115 et
425 2084 455 2114 111
483 2086 559 2115 tuos
586 2084 750 2115 honestos
777 2092 860 2115 usus
885 2086 1092 2121 convertere,
1118 2084 1347 2124 omnibusque
1372 2086 1403 2116 et
1429 2084 1575 2125 singulis
1601 2084 1801 2125 privilegiis,
1817 2084 1945 2125 gratiis,
1972 2084 2090 2115 immu-

264 2146 437 2183 nitatibus,
463 2145 650 2181 favoribus,
677 2146 960 2177 concessionibus
986 2148 1016 2177 et
1043 2146 1182 2177 indultis
1208 2148 1274 2177 tam
1301 2146 1537 2186 spiritualibus
1562 2154 1663 2186 quam
1690 2146 1944 2186 temporalibus,
1963 2146 2089 2186 quibus

264 2209 317 2239 alii
345 2208 463 2239 fratres
489 2208 567 2239 dicti
595 2207 734 2239 Ordinis
761 2209 792 2238 in
820 2208 909 2239 illius
935 2206 1173 2240 Conventibus
1199 2210 1448 2240 commorantes
1486 2210 1633 2245 utuntur,
1675 2208 1847 2248 potiuntur
1872 2210 1902 2239 et
1928 2208 2088 2249 gaudent,

264 2280 321 2302 seu
350 2271 405 2305 uti,
433 2271 530 2311 potiri
557 2274 587 2302 et
613 2271 760 2310 gaudere
786 2273 942 2311 poterunt
969 2271 1225 2311 quomodolibet
1252 2271 1283 2302 111
1310 2270 1432 2308 11111110,
1458 2270 1538 2302 citra
1565 2273 1674 2301 tamen
1702 2279 1818 2302 vocem
1844 2271 2000 2308 activam,
2031 2271 2088 2308 uti,

267 2334 364 2374 potiri
391 2337 422 2364 et
448 2334 594 2373 gaudere
622 2333 725 2364 libere
751 2336 781 2364 et
809 2333 894 2364 licite
922 2334 1036 2373 possis
1062 2336 1093 2365 et
1121 2333 1246 2371 valeas,
1273 2335 1387 2364 tenore
1413 2333 1631 2373 presentium,
1659 2333 1747 2364 veris
1772 2333 1999 2365 existentibus
2015 2342 2088 2374 pre—

267 2397 392 2433 missis,
420 2396 636 2435 indulgemus
662 2405 698 2427 30
726 2396 893 2427 licentiam
921 2399 951 2426 et
978 2396 1114 2427 liberam
1142 2396 1361 2427 concedimus
1387 2394 1590 2432 facultatem,
1629 2404 1693 2426 11011
1736 2395 1953 2426 obstantibus
1979 2394 2089 2427 felicis

268 2458 511 2488 recordationis
537 2458 662 2488 domiui
691 2457 761 2488 lulii
790 2467 876 2498 pape
903 2458 1042 2489 secundi
1072 2458 1144 2497 Que
1169 2458 1244 2489 dum
1263 2457 1394 2498 fructus
1419 2459 1449 2489 et
1477 2456 1549 2497 Que
1574 2459 1608 2488 ut
1632 2457 1818 2497 Religionis
1842 2457 1987 2498 aliisque
2006 2466 2089 2498 apo-

266 2520 397 2550 stolicis
422 2528 459 2550 30
486 2520 516 2550 111
544 2519 816 2551 provincialibus
841 2522 871 2551 01
897 2518 1129 2560 Synodalibus
1154 2518 1318 2552 Conciliis
1343 2520 1444 2550 editis
1468 2519 1685 2559 generalibus
1711 2519 1762 2550 vel
1789 2519 1996 2559 specialibus
2010 2528 2090 2551 con-

268 2582 501 2612 stitutionibus
527 2584 556 2612 et
583 2582 867 2617 ordinationibus,
894 2582 1128 2621 dictorumque
1165 2584 1391 2612 conventuum
1418 2583 1448 2612 et
1475 2580 1624 2618 OrdIniS,
1662 2581 1760 2612 etiam
1788 2581 1984 2619 iuramento,
2011 2590 2089 2613 con-

270 2643 457 2673 firmatione
496 2643 688 2682 apostolica
716 2643 766 2673 vel
796 2643 919 2682 quavis
945 2643 1099 2674 firmitate
1136 2643 1200 2673 alia
1238 2643 1416 2680 roboratis,
1453 2643 1589 2674 statutis
1615 2644 1645 2674 et
1670 2643 1988 2680 consuetudinibus,
2025 2644 2092 2684 pri-

269 2705 404 2743 vilegiis
430 2714 577 2744 quoquc.
605 2705 744 2736 indultis
769 2707 799 2736 01
827 2705 945 2736 litteris
982 2705 1185 2745 apostolicis
1221 2704 1350 2736 eisdem
1376 2705 1602 2736 conventibus
1628 2707 1657 2736 et
1684 2705 1804 2742 ordini,
1831 2705 1961 2736 illorum
1989 2714 2090 2746 supc-

269 2767 426 2803 rioribns,
453 2767 591 2807 prelatis
617 2771 647 2798 et
675 2767 951 2798 reformatoribus
989 2767 1053 2798 sub
1091 2767 1273 2807 quibusvis
1315 2767 1492 2798 verborum
1531 2766 1692 2799 formis...
1718 2767 1953 2807 derogatoriis,
1979 2768 2090 2799 effica-

270 2830 412 2860 tioribus
437 2833 467 2860 et
495 2830 640 2860 insolitis
668 2830 954 2869 irritantilnisque,
979 2833 1010 2861 01
1036 2829 1111 2860 aliis
1137 2829 1281 2860 decretis
1299 2830 1397 2860 etiam
1425 2829 1455 2860 111
1483 2829 1587 2860 1011113
1615 2830 1729 2861 brevis
1754 2832 1784 2861 et
1811 2830 1841 2861 in
1869 2831 2089 2870 preiudicium

271 2892 322 2923 vel
350 2892 580 2922 limitationem
608 2901 667 2923 seu
695 2892 948 2931 derogationem
977 2892 1144 2932 presentis
1171 2891 1221 2922 vel
1249 2891 1407 2922 similium
1436 2891 1638 2922 indultorum
1659 2900 1718 2932 pro
1737 2894 1886 2932 tempore
1904 2893 2090 2930 concessis,

271 2954 477 2984 confirmatis
504 2956 535 2984 01
562 2954 689 2984 iteratis
716 2954 848 2984 vicibus
875 2954 1056 2990 innovatis,
1083 2953 1181 2984 etiam
1209 2953 1477 2993 Marcmagnum,
1505 2952 1599 2984 Bulla
1627 2952 1747 2991 Aurea,
1775 2954 1826 2985 vel
1852 2954 1936 2985 alias
1963 2963 2092 2986 nuncu-

273 3017 382 3055 patis;
410 3016 534 3055 quibus
560 3016 728 3052 omnibus,
754 3016 852 3047 0113111
879 3016 905 3047 si
934 3025 993 3056 pro
1021 3016 1151 3046 illorum
1179 3015 1399 3055 derogatione
1426 3016 1466 3046 de
1494 3015 1559 3046 illis
1586 3016 1786 3056 illorumque
1813 3017 1891 3048 totis
1917 3017 2091 3049 tenoribus
