<?xml version="1.0" encoding="UTF-8"?>
<!DOCTYPE html PUBLIC "-//W3C//DTD XHTML 1.0 Transitional//EN"
    "http://www.w3.org/TR/xhtml1/DTD/xhtml1-transitional.dtd">
<html xmlns="http://www.w3.org/1999/xhtml" xml:lang="en" lang="en">
 <head>
  <title>
</title>
<meta http-equiv="Content-Type" content="text/html;charset=utf-8" />
  <meta name='ocr-system' content='tesseract 3.04.00' />
  <meta name='ocr-capabilities' content='ocr_page ocr_carea ocr_par ocr_line ocrx_word'/>
</head>
<body>
  <div class='ocr_page' id='page_1' title='image "./codexdiplomaticu03maiouoft_0204.png"; bbox 0 0 2305 3407; ppageno 0'>
   <div class='ocr_carea' id='block_1_1' title="bbox 257 161 316 193">
    <p class='ocr_par' dir='ltr' id='par_1_1' title="bbox 257 161 316 193">
     <span class='ocr_line' id='line_1_1' title="bbox 257 161 316 193; baseline 0.034 -2"><span class='ocrx_word' id='word_1_1' title='bbox 257 161 316 193; x_wconf 86' lang='grc'>140</span> 
     </span>
    </p>
   </div>
   <div class='ocr_carea' id='block_1_2' title="bbox 251 291 2078 2889">
    <p class='ocr_par' dir='ltr' id='par_1_2' title="bbox 251 291 2078 2889">
     <span class='ocr_line' id='line_1_2' title="bbox 253 291 2062 332; baseline -0.001 -7"><span class='ocrx_word' id='word_1_2' title='bbox 253 294 376 326; x_wconf 89' lang='lat' dir='ltr'>Prioris</span> <span class='ocrx_word' id='word_1_3' title='bbox 402 296 433 325; x_wconf 91' lang='lat' dir='ltr'>et</span> <span class='ocrx_word' id='word_1_4' title='bbox 461 293 608 325; x_wconf 81' lang='lat' dir='ltr'>Fratrum</span> <span class='ocrx_word' id='word_1_5' title='bbox 635 296 762 325; x_wconf 92' lang='lat' dir='ltr'>tantum</span> <span class='ocrx_word' id='word_1_6' title='bbox 791 301 893 324; x_wconf 90' lang='lat' dir='ltr'>uxum</span> <span class='ocrx_word' id='word_1_7' title='bbox 920 294 951 323; x_wconf 91' lang='lat' dir='ltr'>et</span> <span class='ocrx_word' id='word_1_8' title='bbox 975 292 1168 328; x_wconf 82' lang='lat' dir='ltr'>comodum,</span> <span class='ocrx_word' id='word_1_9' title='bbox 1195 301 1259 323; x_wconf 87' lang='lat' dir='ltr'>non</span> <span class='ocrx_word' id='word_1_10' title='bbox 1286 294 1395 324; x_wconf 78' lang='lat' dir='ltr'>autem</span> <span class='ocrx_word' id='word_1_11' title='bbox 1422 292 1463 324; x_wconf 91' lang='lat' dir='ltr'>ad</span> <span class='ocrx_word' id='word_1_12' title='bbox 1492 301 1594 323; x_wconf 90' lang='lat' dir='ltr'>uxum</span> <span class='ocrx_word' id='word_1_13' title='bbox 1621 291 1824 332; x_wconf 79' lang='lat' dir='ltr'>prefatorum</span> <span class='ocrx_word' id='word_1_14' title='bbox 1851 292 2062 324; x_wconf 90' lang='lat' dir='ltr'>dominorum</span> 
     </span>
     <span class='ocr_line' id='line_1_3' title="bbox 253 354 2065 396; baseline 0 -9"><span class='ocrx_word' id='word_1_15' title='bbox 253 356 419 396; x_wconf 77' lang='lat' dir='ltr'>prepositi</span> <span class='ocrx_word' id='word_1_16' title='bbox 445 359 475 387; x_wconf 93' lang='lat' dir='ltr'>et</span> <span class='ocrx_word' id='word_1_17' title='bbox 501 354 763 393; x_wconf 86' lang='lat' dir='ltr'>Canonicorum,</span> <span class='ocrx_word' id='word_1_18' title='bbox 794 357 892 396; x_wconf 88' lang='lat' dir='ltr'>prout</span> <span class='ocrx_word' id='word_1_19' title='bbox 918 355 1017 386; x_wconf 90' lang='lat' dir='ltr'>latius</span> <span class='ocrx_word' id='word_1_20' title='bbox 1056 354 1245 386; x_wconf 77' lang='lat' dir='ltr'>continetur</span> <span class='ocrx_word' id='word_1_21' title='bbox 1271 355 1302 386; x_wconf 91' lang='lat' dir='ltr'>in</span> <span class='ocrx_word' id='word_1_22' title='bbox 1330 355 1551 386; x_wconf 87' lang='lat' dir='ltr'>instrumento</span> <span class='ocrx_word' id='word_1_23' title='bbox 1585 357 1702 395; x_wconf 68' lang='lat' dir='ltr'>rogato</span> <span class='ocrx_word' id='word_1_24' title='bbox 1728 363 1786 395; x_wconf 87' lang='lat' dir='ltr'>per</span> <span class='ocrx_word' id='word_1_25' title='bbox 1811 354 1990 387; x_wconf 88' lang='lat' dir='ltr'>lohannem</span> <span class='ocrx_word' id='word_1_26' title='bbox 2017 355 2065 387; x_wconf 82' lang='lat' dir='ltr'>la-</span> 
     </span>
     <span class='ocr_line' id='line_1_4' title="bbox 251 415 2065 458; baseline 0.001 -9"><span class='ocrx_word' id='word_1_27' title='bbox 251 418 371 449; x_wconf 83' lang='lat' dir='ltr'>cobum</span> <span class='ocrx_word' id='word_1_28' title='bbox 397 418 438 449; x_wconf 89' lang='lat' dir='ltr'>de</span> <span class='ocrx_word' id='word_1_29' title='bbox 465 418 728 449; x_wconf 88' lang='lat' dir='ltr'>Morachavallis</span> <span class='ocrx_word' id='word_1_30' title='bbox 768 417 933 448; x_wconf 84' lang='lat' dir='ltr'>notarium</span> <span class='ocrx_word' id='word_1_31' title='bbox 976 417 1194 457; x_wconf 82' lang='lat' dir='ltr'>papiensem:</span> <span class='ocrx_word' id='word_1_32' title='bbox 1236 415 1353 458; x_wconf 89' lang='lat' dir='ltr'>Sitque</span> <span class='ocrx_word' id='word_1_33' title='bbox 1392 426 1506 448; x_wconf 92' lang='lat' dir='ltr'>verum</span> <span class='ocrx_word' id='word_1_34' title='bbox 1543 417 1635 457; x_wconf 86' lang='lat' dir='ltr'>quod</span> <span class='ocrx_word' id='word_1_35' title='bbox 1663 417 1728 448; x_wconf 92' lang='lat' dir='ltr'>hiis</span> <span class='ocrx_word' id='word_1_36' title='bbox 1754 418 1919 458; x_wconf 85' lang='lat' dir='ltr'>proximis</span> <span class='ocrx_word' id='word_1_37' title='bbox 1944 418 2065 451; x_wconf 88' lang='lat' dir='ltr'>diebus</span> 
     </span>
     <span class='ocr_line' id='line_1_5' title="bbox 253 477 2064 521; baseline 0.001 -11"><span class='ocrx_word' id='word_1_38' title='bbox 253 480 428 520; x_wconf 82' lang='lat' dir='ltr'>preteritis,</span> <span class='ocrx_word' id='word_1_39' title='bbox 453 480 495 511; x_wconf 91' lang='lat' dir='ltr'>ad</span> <span class='ocrx_word' id='word_1_40' title='bbox 521 480 804 520; x_wconf 80' lang='lat' dir='ltr'>supplicationem</span> <span class='ocrx_word' id='word_1_41' title='bbox 847 477 1052 519; x_wconf 77' lang='lat' dir='ltr'>prefatorum</span> <span class='ocrx_word' id='word_1_42' title='bbox 1094 478 1307 510; x_wconf 88' lang='lat' dir='ltr'>dominorum</span> <span class='ocrx_word' id='word_1_43' title='bbox 1349 478 1517 520; x_wconf 91' lang='lat' dir='ltr'>Prepositi</span> <span class='ocrx_word' id='word_1_44' title='bbox 1543 482 1574 510; x_wconf 91' lang='lat' dir='ltr'>et</span> <span class='ocrx_word' id='word_1_45' title='bbox 1599 477 1863 517; x_wconf 67' lang='lat' dir='ltr'>Canontcorum,</span> <span class='ocrx_word' id='word_1_46' title='bbox 1890 481 2064 521; x_wconf 89' lang='lat' dir='ltr'>impetrate</span> 
     </span>
     <span class='ocr_line' id='line_1_6' title="bbox 253 540 2065 583; baseline 0.001 -10"><span class='ocrx_word' id='word_1_47' title='bbox 253 542 371 574; x_wconf 82' lang='lat' dir='ltr'>fuerint</span> <span class='ocrx_word' id='word_1_48' title='bbox 398 543 502 574; x_wconf 87' lang='lat' dir='ltr'>littere</span> <span class='ocrx_word' id='word_1_49' title='bbox 527 552 544 573; x_wconf 91' lang='lat' dir='ltr'>a</span> <span class='ocrx_word' id='word_1_50' title='bbox 572 542 700 583; x_wconf 83' lang='lat' dir='ltr'>prefato</span> <span class='ocrx_word' id='word_1_51' title='bbox 727 541 955 573; x_wconf 90' lang='lat' dir='ltr'>illustrissimo</span> <span class='ocrx_word' id='word_1_52' title='bbox 981 541 1118 572; x_wconf 85' lang='lat' dir='ltr'>domino</span> <span class='ocrx_word' id='word_1_53' title='bbox 1145 540 1238 572; x_wconf 87' lang='lat' dir='ltr'>Duce</span> <span class='ocrx_word' id='word_1_54' title='bbox 1265 540 1430 579; x_wconf 87' lang='lat' dir='ltr'>Barbone,</span> <span class='ocrx_word' id='word_1_55' title='bbox 1456 542 1667 573; x_wconf 81' lang='lat' dir='ltr'>declarantes</span> <span class='ocrx_word' id='word_1_56' title='bbox 1694 544 1834 573; x_wconf 88' lang='lat' dir='ltr'>mentem</span> <span class='ocrx_word' id='word_1_57' title='bbox 1855 542 2000 574; x_wconf 86' lang='lat' dir='ltr'>iamdicti</span> <span class='ocrx_word' id='word_1_58' title='bbox 2028 542 2065 574; x_wconf 87' lang='lat' dir='ltr'>il—</span> 
     </span>
     <span class='ocr_line' id='line_1_7' title="bbox 253 603 2065 644; baseline 0.001 -9"><span class='ocrx_word' id='word_1_59' title='bbox 253 605 444 636; x_wconf 88' lang='lat' dir='ltr'>lustrissimi</span> <span class='ocrx_word' id='word_1_60' title='bbox 472 605 597 636; x_wconf 88' lang='lat' dir='ltr'>domini</span> <span class='ocrx_word' id='word_1_61' title='bbox 625 604 728 636; x_wconf 82' lang='lat' dir='ltr'>Ducis</span> <span class='ocrx_word' id='word_1_62' title='bbox 754 604 861 635; x_wconf 84' lang='lat' dir='ltr'>fuisse</span> <span class='ocrx_word' id='word_1_63' title='bbox 887 603 978 643; x_wconf 87' lang='lat' dir='ltr'>quod</span> <span class='ocrx_word' id='word_1_64' title='bbox 1006 603 1094 634; x_wconf 85' lang='lat' dir='ltr'>dicta</span> <span class='ocrx_word' id='word_1_65' title='bbox 1122 606 1316 644; x_wconf 90' lang='lat' dir='ltr'>paramenta</span> <span class='ocrx_word' id='word_1_66' title='bbox 1343 603 1410 635; x_wconf 92' lang='lat' dir='ltr'>sint</span> <span class='ocrx_word' id='word_1_67' title='bbox 1435 605 1591 635; x_wconf 90' lang='lat' dir='ltr'>comunia</span> <span class='ocrx_word' id='word_1_68' title='bbox 1617 607 1648 636; x_wconf 91' lang='lat' dir='ltr'>et</span> <span class='ocrx_word' id='word_1_69' title='bbox 1674 604 1715 635; x_wconf 87' lang='lat' dir='ltr'>ad</span> <span class='ocrx_word' id='word_1_70' title='bbox 1743 613 1919 635; x_wconf 90' lang='lat' dir='ltr'>comunem</span> <span class='ocrx_word' id='word_1_71' title='bbox 1963 614 2065 636; x_wconf 87' lang='lat' dir='ltr'>uxum</span> 
     </span>
     <span class='ocr_line' id='line_1_8' title="bbox 253 664 2067 707; baseline 0.001 -9"><span class='ocrx_word' id='word_1_72' title='bbox 253 673 317 698; x_wconf 91' lang='lat' dir='ltr'>tam</span> <span class='ocrx_word' id='word_1_73' title='bbox 345 667 568 707; x_wconf 82' lang='lat' dir='ltr'>preiaetorum</span> <span class='ocrx_word' id='word_1_74' title='bbox 595 667 808 698; x_wconf 88' lang='lat' dir='ltr'>dominorum</span> <span class='ocrx_word' id='word_1_75' title='bbox 836 666 1004 707; x_wconf 87' lang='lat' dir='ltr'>Prepositi</span> <span class='ocrx_word' id='word_1_76' title='bbox 1023 669 1054 697; x_wconf 93' lang='lat' dir='ltr'>et</span> <span class='ocrx_word' id='word_1_77' title='bbox 1072 664 1323 698; x_wconf 88' lang='lat' dir='ltr'>Canonicorum</span> <span class='ocrx_word' id='word_1_78' title='bbox 1351 675 1451 706; x_wconf 90' lang='lat' dir='ltr'>quam</span> <span class='ocrx_word' id='word_1_79' title='bbox 1478 666 1682 707; x_wconf 81' lang='lat' dir='ltr'>prefatorum</span> <span class='ocrx_word' id='word_1_80' title='bbox 1708 667 1920 698; x_wconf 89' lang='lat' dir='ltr'>dominorum</span> <span class='ocrx_word' id='word_1_81' title='bbox 1942 666 2067 699; x_wconf 90' lang='lat' dir='ltr'>Prioris</span> 
     </span>
     <span class='ocr_line' id='line_1_9' title="bbox 251 728 2068 769; baseline 0 -9"><span class='ocrx_word' id='word_1_82' title='bbox 251 733 282 760; x_wconf 84' lang='lat' dir='ltr'>et</span> <span class='ocrx_word' id='word_1_83' title='bbox 309 729 455 760; x_wconf 79' lang='lat' dir='ltr'>Fratrum</span> <span class='ocrx_word' id='word_1_84' title='bbox 494 733 524 760; x_wconf 91' lang='lat' dir='ltr'>et</span> <span class='ocrx_word' id='word_1_85' title='bbox 566 730 658 760; x_wconf 87' lang='lat' dir='ltr'>iuxta</span> <span class='ocrx_word' id='word_1_86' title='bbox 699 728 838 760; x_wconf 86' lang='lat' dir='ltr'>formam</span> <span class='ocrx_word' id='word_1_87' title='bbox 865 729 905 760; x_wconf 88' lang='lat' dir='ltr'>de</span> <span class='ocrx_word' id='word_1_88' title='bbox 932 737 998 769; x_wconf 87' lang='lat' dir='ltr'>qua</span> <span class='ocrx_word' id='word_1_89' title='bbox 1025 729 1055 759; x_wconf 88' lang='lat' dir='ltr'>in</span> <span class='ocrx_word' id='word_1_90' title='bbox 1083 728 1171 759; x_wconf 84' lang='lat' dir='ltr'>dicta</span> <span class='ocrx_word' id='word_1_91' title='bbox 1213 728 1414 766; x_wconf 85' lang='lat' dir='ltr'>donacione‚</span> <span class='ocrx_word' id='word_1_92' title='bbox 1455 729 1531 760; x_wconf 89' lang='lat' dir='ltr'>date</span> <span class='ocrx_word' id='word_1_93' title='bbox 1573 728 1675 769; x_wconf 85' lang='lat' dir='ltr'>Papie</span> <span class='ocrx_word' id='word_1_94' title='bbox 1702 729 1755 760; x_wconf 88' lang='lat' dir='ltr'>die</span> <span class='ocrx_word' id='word_1_95' title='bbox 1781 738 1870 760; x_wconf 88' lang='lat' dir='ltr'>nono</span> <span class='ocrx_word' id='word_1_96' title='bbox 1913 730 2068 761; x_wconf 90' lang='lat' dir='ltr'>instantis</span> 
     </span>
     <span class='ocr_line' id='line_1_10' title="bbox 254 789 2068 831; baseline 0.001 -10"><span class='ocrx_word' id='word_1_97' title='bbox 254 792 379 822; x_wconf 85' lang='lat' dir='ltr'>mensis</span> <span class='ocrx_word' id='word_1_98' title='bbox 405 791 628 831; x_wconf 83' lang='lat' dir='ltr'>septembris:</span> <span class='ocrx_word' id='word_1_99' title='bbox 656 789 772 831; x_wconf 83' lang='lat' dir='ltr'>Sitque</span> <span class='ocrx_word' id='word_1_100' title='bbox 799 800 914 822; x_wconf 88' lang='lat' dir='ltr'>verum</span> <span class='ocrx_word' id='word_1_101' title='bbox 941 790 1032 831; x_wconf 91' lang='lat' dir='ltr'>quod</span> <span class='ocrx_word' id='word_1_102' title='bbox 1060 789 1178 830; x_wconf 81' lang='lat' dir='ltr'>prefati</span> <span class='ocrx_word' id='word_1_103' title='bbox 1205 791 1331 821; x_wconf 88' lang='lat' dir='ltr'>domini</span> <span class='ocrx_word' id='word_1_104' title='bbox 1360 790 1453 822; x_wconf 80' lang='lat' dir='ltr'>Prior</span> <span class='ocrx_word' id='word_1_105' title='bbox 1479 794 1509 822; x_wconf 92' lang='lat' dir='ltr'>et</span> <span class='ocrx_word' id='word_1_106' title='bbox 1536 791 1666 822; x_wconf 78' lang='lat' dir='ltr'>Fratres</span> <span class='ocrx_word' id='word_1_107' title='bbox 1692 791 2068 823; x_wconf 86' lang='lat' dir='ltr'>dicantdictaslitteras</span> 
     </span>
     <span class='ocr_line' id='line_1_11' title="bbox 254 853 2068 893; baseline 0 -9"><span class='ocrx_word' id='word_1_108' title='bbox 254 853 368 884; x_wconf 86' lang='lat' dir='ltr'>ultimo</span> <span class='ocrx_word' id='word_1_109' title='bbox 395 853 468 884; x_wconf 89' lang='lat' dir='ltr'>loco</span> <span class='ocrx_word' id='word_1_110' title='bbox 495 854 690 893; x_wconf 91' lang='lat' dir='ltr'>impetratas</span> <span class='ocrx_word' id='word_1_111' title='bbox 717 853 855 884; x_wconf 88' lang='lat' dir='ltr'>veritate</span> <span class='ocrx_word' id='word_1_112' title='bbox 883 862 947 884; x_wconf 89' lang='lat' dir='ltr'>non</span> <span class='ocrx_word' id='word_1_113' title='bbox 975 853 1174 890; x_wconf 86' lang='lat' dir='ltr'>subsistere,</span> <span class='ocrx_word' id='word_1_114' title='bbox 1216 854 1343 884; x_wconf 85' lang='lat' dir='ltr'>attento</span> <span class='ocrx_word' id='word_1_115' title='bbox 1373 853 1518 884; x_wconf 86' lang='lat' dir='ltr'>maxime</span> <span class='ocrx_word' id='word_1_116' title='bbox 1552 854 1630 893; x_wconf 91' lang='lat' dir='ltr'>quia</span> <span class='ocrx_word' id='word_1_117' title='bbox 1657 853 1784 893; x_wconf 85' lang='lat' dir='ltr'>prefate</span> <span class='ocrx_word' id='word_1_118' title='bbox 1811 853 1916 885; x_wconf 88' lang='lat' dir='ltr'>littere</span> <span class='ocrx_word' id='word_1_119' title='bbox 1944 853 2068 885; x_wconf 91' lang='lat' dir='ltr'>nullam</span> 
     </span>
     <span class='ocr_line' id='line_1_12' title="bbox 253 914 2069 956; baseline 0 -10"><span class='ocrx_word' id='word_1_120' title='bbox 253 915 378 946; x_wconf 82' lang='lat' dir='ltr'>faciunt</span> <span class='ocrx_word' id='word_1_121' title='bbox 405 916 607 947; x_wconf 86' lang='lat' dir='ltr'>mentionem</span> <span class='ocrx_word' id='word_1_122' title='bbox 634 916 675 947; x_wconf 88' lang='lat' dir='ltr'>de</span> <span class='ocrx_word' id='word_1_123' title='bbox 703 918 811 947; x_wconf 90' lang='lat' dir='ltr'>mente</span> <span class='ocrx_word' id='word_1_124' title='bbox 853 916 946 956; x_wconf 91' lang='lat' dir='ltr'>prius</span> <span class='ocrx_word' id='word_1_125' title='bbox 986 915 1155 946; x_wconf 86' lang='lat' dir='ltr'>declarata</span> <span class='ocrx_word' id='word_1_126' title='bbox 1182 924 1239 955; x_wconf 92' lang='lat' dir='ltr'>per</span> <span class='ocrx_word' id='word_1_127' title='bbox 1266 914 1430 955; x_wconf 81' lang='lat' dir='ltr'>prefatum</span> <span class='ocrx_word' id='word_1_128' title='bbox 1473 915 1737 947; x_wconf 90' lang='lat' dir='ltr'>illustrissimum</span> <span class='ocrx_word' id='word_1_129' title='bbox 1766 915 1892 947; x_wconf 90' lang='lat' dir='ltr'>Ducem</span> <span class='ocrx_word' id='word_1_130' title='bbox 1921 916 1951 947; x_wconf 92' lang='lat' dir='ltr'>in</span> <span class='ocrx_word' id='word_1_131' title='bbox 1979 916 2069 947; x_wconf 89' lang='lat' dir='ltr'>dicto</span> 
     </span>
     <span class='ocr_line' id='line_1_13' title="bbox 253 975 2067 1019; baseline 0.001 -11"><span class='ocrx_word' id='word_1_132' title='bbox 253 979 474 1009; x_wconf 88' lang='lat' dir='ltr'>instrumento</span> <span class='ocrx_word' id='word_1_133' title='bbox 500 980 617 1019; x_wconf 89' lang='lat' dir='ltr'>rogato</span> <span class='ocrx_word' id='word_1_134' title='bbox 644 986 702 1018; x_wconf 92' lang='lat' dir='ltr'>per</span> <span class='ocrx_word' id='word_1_135' title='bbox 727 978 996 1018; x_wconf 87' lang='lat' dir='ltr'>suprascriptum</span> <span class='ocrx_word' id='word_1_136' title='bbox 1017 976 1220 1018; x_wconf 77' lang='lat' dir='ltr'>Raphaelem</span> <span class='ocrx_word' id='word_1_137' title='bbox 1239 978 1281 1009; x_wconf 88' lang='lat' dir='ltr'>de</span> <span class='ocrx_word' id='word_1_138' title='bbox 1301 977 1504 1009; x_wconf 86' lang='lat' dir='ltr'>Marchixiis</span> <span class='ocrx_word' id='word_1_139' title='bbox 1520 975 1593 1017; x_wconf 86' lang='lat'>(1):</span> <span class='ocrx_word' id='word_1_140' title='bbox 1620 987 1680 1018; x_wconf 91' lang='lat' dir='ltr'>pro</span> <span class='ocrx_word' id='word_1_141' title='bbox 1706 980 1800 1018; x_wconf 86' lang='lat' dir='ltr'>parte</span> <span class='ocrx_word' id='word_1_142' title='bbox 1819 987 1899 1010; x_wconf 90' lang='lat' dir='ltr'>vero</span> <span class='ocrx_word' id='word_1_143' title='bbox 1919 979 2067 1019; x_wconf 92' lang='lat' dir='ltr'>ipsorum</span> 
     </span>
     <span class='ocr_line' id='line_1_14' title="bbox 253 1038 2071 1080; baseline 0.001 -10"><span class='ocrx_word' id='word_1_144' title='bbox 253 1040 464 1071; x_wconf 88' lang='lat' dir='ltr'>dominorum</span> <span class='ocrx_word' id='word_1_145' title='bbox 492 1039 658 1080; x_wconf 87' lang='lat' dir='ltr'>Prepositi</span> <span class='ocrx_word' id='word_1_146' title='bbox 685 1042 716 1071; x_wconf 89' lang='lat' dir='ltr'>et</span> <span class='ocrx_word' id='word_1_147' title='bbox 741 1038 992 1072; x_wconf 86' lang='lat' dir='ltr'>Canonicorum</span> <span class='ocrx_word' id='word_1_148' title='bbox 1020 1040 1151 1072; x_wconf 88' lang='lat' dir='ltr'>dicatur</span> <span class='ocrx_word' id='word_1_149' title='bbox 1187 1040 1251 1072; x_wconf 87' lang='lat' dir='ltr'>sibi</span> <span class='ocrx_word' id='word_1_150' title='bbox 1290 1049 1355 1071; x_wconf 92' lang='lat' dir='ltr'>non</span> <span class='ocrx_word' id='word_1_151' title='bbox 1389 1042 1543 1072; x_wconf 89' lang='lat' dir='ltr'>constare</span> <span class='ocrx_word' id='word_1_152' title='bbox 1569 1040 1610 1072; x_wconf 90' lang='lat' dir='ltr'>de</span> <span class='ocrx_word' id='word_1_153' title='bbox 1637 1041 1726 1072; x_wconf 92' lang='lat' dir='ltr'>dicto</span> <span class='ocrx_word' id='word_1_154' title='bbox 1761 1041 1982 1072; x_wconf 91' lang='lat' dir='ltr'>instrumento</span> <span class='ocrx_word' id='word_1_155' title='bbox 2020 1050 2071 1072; x_wconf 92' lang='lat' dir='ltr'>ro-</span> 
     </span>
     <span class='ocr_line' id='line_1_15' title="bbox 252 1101 2070 1143; baseline 0.001 -10"><span class='ocrx_word' id='word_1_156' title='bbox 252 1104 330 1143; x_wconf 81' lang='lat' dir='ltr'>gato</span> <span class='ocrx_word' id='word_1_157' title='bbox 356 1111 415 1142; x_wconf 91' lang='lat' dir='ltr'>per</span> <span class='ocrx_word' id='word_1_158' title='bbox 440 1102 566 1134; x_wconf 90' lang='lat' dir='ltr'>dictum</span> <span class='ocrx_word' id='word_1_159' title='bbox 594 1101 801 1143; x_wconf 81' lang='lat' dir='ltr'>Raphaelem</span> <span class='ocrx_word' id='word_1_160' title='bbox 828 1105 859 1134; x_wconf 89' lang='lat' dir='ltr'>et</span> <span class='ocrx_word' id='word_1_161' title='bbox 884 1103 925 1134; x_wconf 88' lang='lat' dir='ltr'>de</span> <span class='ocrx_word' id='word_1_162' title='bbox 951 1112 991 1134; x_wconf 89' lang='lat' dir='ltr'>eo</span> <span class='ocrx_word' id='word_1_163' title='bbox 1018 1103 1179 1134; x_wconf 85' lang='lat' dir='ltr'>habuisse</span> <span class='ocrx_word' id='word_1_164' title='bbox 1206 1102 1416 1143; x_wconf 88' lang='lat' dir='ltr'>probabilem</span> <span class='ocrx_word' id='word_1_165' title='bbox 1443 1103 1678 1143; x_wconf 84' lang='lat' dir='ltr'>ignorantiam,</span> <span class='ocrx_word' id='word_1_166' title='bbox 1705 1111 1779 1134; x_wconf 90' lang='lat' dir='ltr'>cum</span> <span class='ocrx_word' id='word_1_167' title='bbox 1805 1103 1854 1134; x_wconf 93' lang='lat' dir='ltr'>eis</span> <span class='ocrx_word' id='word_1_168' title='bbox 1881 1112 1945 1134; x_wconf 93' lang='lat' dir='ltr'>non</span> <span class='ocrx_word' id='word_1_169' title='bbox 1973 1103 2070 1135; x_wconf 82' lang='lat' dir='ltr'>fuerit</span> 
     </span>
     <span class='ocr_line' id='line_1_16' title="bbox 253 1165 2072 1206; baseline 0.001 -11"><span class='ocrx_word' id='word_1_170' title='bbox 253 1165 485 1196; x_wconf 88' lang='lat' dir='ltr'>inthimatum:</span> <span class='ocrx_word' id='word_1_171' title='bbox 512 1168 662 1206; x_wconf 86' lang='lat' dir='ltr'>preterea</span> <span class='ocrx_word' id='word_1_172' title='bbox 689 1165 803 1196; x_wconf 88' lang='lat' dir='ltr'>dicunt</span> <span class='ocrx_word' id='word_1_173' title='bbox 829 1165 921 1205; x_wconf 90' lang='lat' dir='ltr'>quod</span> <span class='ocrx_word' id='word_1_174' title='bbox 947 1165 1039 1197; x_wconf 89' lang='lat' dir='ltr'>dicto</span> <span class='ocrx_word' id='word_1_175' title='bbox 1069 1166 1177 1206; x_wconf 90' lang='lat' dir='ltr'>primo</span> <span class='ocrx_word' id='word_1_176' title='bbox 1212 1166 1433 1196; x_wconf 90' lang='lat' dir='ltr'>instrumento</span> <span class='ocrx_word' id='word_1_177' title='bbox 1463 1165 1664 1196; x_wconf 83' lang='lat' dir='ltr'>donacionis</span> <span class='ocrx_word' id='word_1_178' title='bbox 1701 1168 1731 1196; x_wconf 90' lang='lat' dir='ltr'>et</span> <span class='ocrx_word' id='word_1_179' title='bbox 1767 1166 1935 1197; x_wconf 86' lang='lat' dir='ltr'>contentis</span> <span class='ocrx_word' id='word_1_180' title='bbox 1961 1166 1992 1197; x_wconf 95' lang='lat' dir='ltr'>in</span> <span class='ocrx_word' id='word_1_181' title='bbox 2033 1175 2072 1197; x_wconf 91' lang='lat' dir='ltr'>eo</span> 
     </span>
     <span class='ocr_line' id='line_1_17' title="bbox 254 1226 2073 1268; baseline 0.001 -10"><span class='ocrx_word' id='word_1_182' title='bbox 254 1227 372 1267; x_wconf 79' lang='lat' dir='ltr'>prefati</span> <span class='ocrx_word' id='word_1_183' title='bbox 398 1228 526 1258; x_wconf 90' lang='lat' dir='ltr'>domini</span> <span class='ocrx_word' id='word_1_184' title='bbox 553 1226 648 1259; x_wconf 82' lang='lat' dir='ltr'>Prior</span> <span class='ocrx_word' id='word_1_185' title='bbox 673 1230 704 1259; x_wconf 88' lang='lat' dir='ltr'>et</span> <span class='ocrx_word' id='word_1_186' title='bbox 731 1227 862 1259; x_wconf 88' lang='lat' dir='ltr'>Fratres</span> <span class='ocrx_word' id='word_1_187' title='bbox 903 1236 1068 1268; x_wconf 89' lang='lat' dir='ltr'>expresse</span> <span class='ocrx_word' id='word_1_188' title='bbox 1094 1230 1340 1259; x_wconf 90' lang='lat' dir='ltr'>consenserunt</span> <span class='ocrx_word' id='word_1_189' title='bbox 1366 1230 1401 1259; x_wconf 94' lang='lat' dir='ltr'>ut</span> <span class='ocrx_word' id='word_1_190' title='bbox 1425 1236 1465 1259; x_wconf 87' lang='lat' dir='ltr'>ex</span> <span class='ocrx_word' id='word_1_191' title='bbox 1494 1228 1618 1259; x_wconf 85' lang='lat' dir='ltr'>lectura</span> <span class='ocrx_word' id='word_1_192' title='bbox 1645 1228 1753 1268; x_wconf 91' lang='lat' dir='ltr'>ipsius</span> <span class='ocrx_word' id='word_1_193' title='bbox 1779 1230 1941 1268; x_wconf 85' lang='lat' dir='ltr'>apparet:</span> <span class='ocrx_word' id='word_1_194' title='bbox 1968 1228 2073 1260; x_wconf 87' lang='lat' dir='ltr'>Modo</span> 
     </span>
     <span class='ocr_line' id='line_1_18' title="bbox 251 1288 2075 1331; baseline 0.001 -11"><span class='ocrx_word' id='word_1_195' title='bbox 251 1292 362 1320; x_wconf 90' lang='lat' dir='ltr'>autem</span> <span class='ocrx_word' id='word_1_196' title='bbox 390 1289 508 1330; x_wconf 84' lang='lat' dir='ltr'>prefati</span> <span class='ocrx_word' id='word_1_197' title='bbox 536 1290 661 1321; x_wconf 89' lang='lat' dir='ltr'>domini</span> <span class='ocrx_word' id='word_1_198' title='bbox 689 1289 889 1331; x_wconf 89' lang='lat' dir='ltr'>Prepositus</span> <span class='ocrx_word' id='word_1_199' title='bbox 915 1292 946 1321; x_wconf 91' lang='lat' dir='ltr'>et</span> <span class='ocrx_word' id='word_1_200' title='bbox 973 1288 1135 1322; x_wconf 87' lang='lat' dir='ltr'>Canonici</span> <span class='ocrx_word' id='word_1_201' title='bbox 1162 1299 1203 1321; x_wconf 89' lang='lat' dir='ltr'>ex</span> <span class='ocrx_word' id='word_1_202' title='bbox 1231 1299 1296 1322; x_wconf 87' lang='lat' dir='ltr'>una</span> <span class='ocrx_word' id='word_1_203' title='bbox 1337 1292 1367 1322; x_wconf 89' lang='lat' dir='ltr'>et</span> <span class='ocrx_word' id='word_1_204' title='bbox 1408 1289 1527 1331; x_wconf 86' lang='lat' dir='ltr'>prefati</span> <span class='ocrx_word' id='word_1_205' title='bbox 1568 1291 1695 1321; x_wconf 92' lang='lat' dir='ltr'>domini</span> <span class='ocrx_word' id='word_1_206' title='bbox 1737 1289 1832 1322; x_wconf 81' lang='lat' dir='ltr'>Prior</span> <span class='ocrx_word' id='word_1_207' title='bbox 1872 1293 1903 1322; x_wconf 83' lang='lat' dir='ltr'>et</span> <span class='ocrx_word' id='word_1_208' title='bbox 1945 1290 2075 1322; x_wconf 87' lang='lat' dir='ltr'>Fratres</span> 
     </span>
     <span class='ocr_line' id='line_1_19' title="bbox 252 1352 2071 1393; baseline 0.001 -10"><span class='ocrx_word' id='word_1_209' title='bbox 252 1361 293 1383; x_wconf 85' lang='lat' dir='ltr'>ex</span> <span class='ocrx_word' id='word_1_210' title='bbox 320 1352 434 1390; x_wconf 87' lang='lat' dir='ltr'>altera,</span> <span class='ocrx_word' id='word_1_211' title='bbox 461 1352 615 1384; x_wconf 89' lang='lat' dir='ltr'>volentes</span> <span class='ocrx_word' id='word_1_212' title='bbox 641 1354 671 1384; x_wconf 89' lang='lat' dir='ltr'>et</span> <span class='ocrx_word' id='word_1_213' title='bbox 698 1353 910 1384; x_wconf 87' lang='lat' dir='ltr'>intendentes</span> <span class='ocrx_word' id='word_1_214' title='bbox 935 1361 953 1384; x_wconf 93' lang='lat' dir='ltr'>a</span> <span class='ocrx_word' id='word_1_215' title='bbox 979 1353 1254 1393; x_wconf 87' lang='lat' dir='ltr'>quibuscumque</span> <span class='ocrx_word' id='word_1_216' title='bbox 1281 1353 1410 1384; x_wconf 87' lang='lat' dir='ltr'>littibus</span> <span class='ocrx_word' id='word_1_217' title='bbox 1435 1355 1467 1384; x_wconf 89' lang='lat' dir='ltr'>et</span> <span class='ocrx_word' id='word_1_218' title='bbox 1491 1353 1742 1390; x_wconf 85' lang='lat' dir='ltr'>controversiis,</span> <span class='ocrx_word' id='word_1_219' title='bbox 1773 1362 1837 1393; x_wconf 92' lang='lat' dir='ltr'>que</span> <span class='ocrx_word' id='word_1_220' title='bbox 1878 1353 2071 1384; x_wconf 90' lang='lat' dir='ltr'>huiusmodi</span> 
     </span>
     <span class='ocr_line' id='line_1_20' title="bbox 253 1415 2072 1456; baseline 0.001 -12"><span class='ocrx_word' id='word_1_221' title='bbox 253 1415 442 1446; x_wconf 87' lang='lat' dir='ltr'>occaxione</span> <span class='ocrx_word' id='word_1_222' title='bbox 469 1416 539 1446; x_wconf 92' lang='lat' dir='ltr'>orte</span> <span class='ocrx_word' id='word_1_223' title='bbox 564 1417 642 1446; x_wconf 90' lang='lat' dir='ltr'>sunt</span> <span class='ocrx_word' id='word_1_224' title='bbox 668 1417 699 1446; x_wconf 88' lang='lat' dir='ltr'>et</span> <span class='ocrx_word' id='word_1_225' title='bbox 726 1415 756 1446; x_wconf 91' lang='lat' dir='ltr'>in</span> <span class='ocrx_word' id='word_1_226' title='bbox 783 1415 929 1446; x_wconf 85' lang='lat' dir='ltr'>futurum</span> <span class='ocrx_word' id='word_1_227' title='bbox 956 1415 1032 1446; x_wconf 89' lang='lat' dir='ltr'>oriri</span> <span class='ocrx_word' id='word_1_228' title='bbox 1060 1415 1193 1456; x_wconf 90' lang='lat' dir='ltr'>possint</span> <span class='ocrx_word' id='word_1_229' title='bbox 1220 1415 1304 1446; x_wconf 90' lang='lat' dir='ltr'>inter</span> <span class='ocrx_word' id='word_1_230' title='bbox 1328 1424 1399 1453; x_wconf 88' lang='lat' dir='ltr'>eos,</span> <span class='ocrx_word' id='word_1_231' title='bbox 1417 1415 1592 1446; x_wconf 90' lang='lat' dir='ltr'>discedere</span> <span class='ocrx_word' id='word_1_232' title='bbox 1618 1417 1650 1446; x_wconf 92' lang='lat' dir='ltr'>et</span> <span class='ocrx_word' id='word_1_233' title='bbox 1676 1415 1707 1446; x_wconf 93' lang='lat' dir='ltr'>in</span> <span class='ocrx_word' id='word_1_234' title='bbox 1734 1423 1816 1455; x_wconf 86' lang='lat' dir='ltr'>pace</span> <span class='ocrx_word' id='word_1_235' title='bbox 1842 1417 1873 1446; x_wconf 87' lang='lat' dir='ltr'>et</span> <span class='ocrx_word' id='word_1_236' title='bbox 1897 1415 2072 1455; x_wconf 88' lang='lat' dir='ltr'>tranquili-</span> 
     </span>
     <span class='ocr_line' id='line_1_21' title="bbox 254 1476 2075 1518; baseline 0.001 -11"><span class='ocrx_word' id='word_1_237' title='bbox 254 1479 318 1508; x_wconf 88' lang='lat' dir='ltr'>tate</span> <span class='ocrx_word' id='word_1_238' title='bbox 345 1477 459 1508; x_wconf 89' lang='lat' dir='ltr'>vivere</span> <span class='ocrx_word' id='word_1_239' title='bbox 485 1479 515 1508; x_wconf 85' lang='lat' dir='ltr'>et</span> <span class='ocrx_word' id='word_1_240' title='bbox 541 1485 678 1517; x_wconf 89' lang='lat' dir='ltr'>parcere</span> <span class='ocrx_word' id='word_1_241' title='bbox 705 1477 922 1508; x_wconf 89' lang='lat' dir='ltr'>ulterioribus</span> <span class='ocrx_word' id='word_1_242' title='bbox 959 1477 1135 1509; x_wconf 88' lang='lat' dir='ltr'>laboribus</span> <span class='ocrx_word' id='word_1_243' title='bbox 1172 1480 1203 1509; x_wconf 91' lang='lat' dir='ltr'>et</span> <span class='ocrx_word' id='word_1_244' title='bbox 1240 1477 1413 1518; x_wconf 88' lang='lat' dir='ltr'>expensis,</span> <span class='ocrx_word' id='word_1_245' title='bbox 1454 1477 1611 1508; x_wconf 92' lang='lat' dir='ltr'>videlicet</span> <span class='ocrx_word' id='word_1_246' title='bbox 1636 1478 1729 1518; x_wconf 86' lang='lat' dir='ltr'>prius</span> <span class='ocrx_word' id='word_1_247' title='bbox 1756 1486 1814 1517; x_wconf 91' lang='lat' dir='ltr'>per</span> <span class='ocrx_word' id='word_1_248' title='bbox 1840 1476 1990 1517; x_wconf 82' lang='lat' dir='ltr'>prefatos</span> <span class='ocrx_word' id='word_1_249' title='bbox 2015 1477 2075 1509; x_wconf 91' lang='lat' dir='ltr'>do-</span> 
     </span>
     <span class='ocr_line' id='line_1_22' title="bbox 255 1537 2074 1579; baseline 0.001 -9"><span class='ocrx_word' id='word_1_250' title='bbox 255 1539 364 1570; x_wconf 91' lang='lat' dir='ltr'>minos</span> <span class='ocrx_word' id='word_1_251' title='bbox 391 1538 606 1579; x_wconf 92' lang='lat' dir='ltr'>Prepositum</span> <span class='ocrx_word' id='word_1_252' title='bbox 632 1542 663 1570; x_wconf 90' lang='lat' dir='ltr'>et</span> <span class='ocrx_word' id='word_1_253' title='bbox 689 1537 884 1571; x_wconf 87' lang='lat' dir='ltr'>Canonicos</span> <span class='ocrx_word' id='word_1_254' title='bbox 922 1548 982 1571; x_wconf 90' lang='lat' dir='ltr'>nec</span> <span class='ocrx_word' id='word_1_255' title='bbox 1021 1548 1086 1570; x_wconf 93' lang='lat' dir='ltr'>non</span> <span class='ocrx_word' id='word_1_256' title='bbox 1113 1542 1145 1571; x_wconf 89' lang='lat' dir='ltr'>et</span> <span class='ocrx_word' id='word_1_257' title='bbox 1171 1538 1326 1571; x_wconf 82' lang='lat' dir='ltr'>Prefatos</span> <span class='ocrx_word' id='word_1_258' title='bbox 1366 1539 1525 1571; x_wconf 91' lang='lat' dir='ltr'>dominos</span> <span class='ocrx_word' id='word_1_259' title='bbox 1551 1538 1698 1570; x_wconf 89' lang='lat' dir='ltr'>Priorem</span> <span class='ocrx_word' id='word_1_260' title='bbox 1724 1542 1755 1570; x_wconf 91' lang='lat' dir='ltr'>et</span> <span class='ocrx_word' id='word_1_261' title='bbox 1782 1539 1924 1577; x_wconf 84' lang='lat' dir='ltr'>Fratres,</span> <span class='ocrx_word' id='word_1_262' title='bbox 1949 1548 2074 1571; x_wconf 88' lang='lat' dir='ltr'>convo-</span> 
     </span>
     <span class='ocr_line' id='line_1_23' title="bbox 252 1601 2077 1642; baseline 0.001 -10"><span class='ocrx_word' id='word_1_263' title='bbox 252 1601 339 1633; x_wconf 89' lang='lat' dir='ltr'>catis</span> <span class='ocrx_word' id='word_1_264' title='bbox 365 1610 479 1632; x_wconf 91' lang='lat' dir='ltr'>eorum</span> <span class='ocrx_word' id='word_1_265' title='bbox 505 1604 536 1633; x_wconf 89' lang='lat' dir='ltr'>et</span> <span class='ocrx_word' id='word_1_266' title='bbox 562 1602 737 1642; x_wconf 88' lang='lat' dir='ltr'>utriusque</span> <span class='ocrx_word' id='word_1_267' title='bbox 765 1602 914 1642; x_wconf 90' lang='lat' dir='ltr'>ipsorum</span> <span class='ocrx_word' id='word_1_268' title='bbox 941 1602 1109 1642; x_wconf 85' lang='lat' dir='ltr'>capitulis,</span> <span class='ocrx_word' id='word_1_269' title='bbox 1137 1610 1223 1633; x_wconf 90' lang='lat' dir='ltr'>sono</span> <span class='ocrx_word' id='word_1_270' title='bbox 1248 1602 1521 1642; x_wconf 86' lang='lat' dir='ltr'>campanelarum</span> <span class='ocrx_word' id='word_1_271' title='bbox 1557 1602 1725 1642; x_wconf 90' lang='lat' dir='ltr'>premisso</span> <span class='ocrx_word' id='word_1_272' title='bbox 1740 1604 1773 1633; x_wconf 90' lang='lat' dir='ltr'>ut</span> <span class='ocrx_word' id='word_1_273' title='bbox 1789 1602 1891 1633; x_wconf 90' lang='lat' dir='ltr'>moris</span> <span class='ocrx_word' id='word_1_274' title='bbox 1916 1604 1977 1639; x_wconf 87' lang='lat' dir='ltr'>est,</span> <span class='ocrx_word' id='word_1_275' title='bbox 2004 1610 2077 1642; x_wconf 90' lang='lat' dir='ltr'>pre-</span> 
     </span>
     <span class='ocr_line' id='line_1_24' title="bbox 256 1663 2075 1705; baseline 0 -10"><span class='ocrx_word' id='word_1_276' title='bbox 256 1663 360 1695; x_wconf 83' lang='lat' dir='ltr'>fatum</span> <span class='ocrx_word' id='word_1_277' title='bbox 387 1664 571 1704; x_wconf 89' lang='lat' dir='ltr'>capitulum</span> <span class='ocrx_word' id='word_1_278' title='bbox 598 1665 705 1696; x_wconf 85' lang='lat' dir='ltr'>sancti</span> <span class='ocrx_word' id='word_1_279' title='bbox 733 1663 820 1695; x_wconf 88' lang='lat' dir='ltr'>Petri</span> <span class='ocrx_word' id='word_1_280' title='bbox 848 1665 878 1695; x_wconf 93' lang='lat' dir='ltr'>in</span> <span class='ocrx_word' id='word_1_281' title='bbox 906 1664 978 1695; x_wconf 91' lang='lat' dir='ltr'>celo</span> <span class='ocrx_word' id='word_1_282' title='bbox 1004 1673 1107 1695; x_wconf 91' lang='lat' dir='ltr'>aureo</span> <span class='ocrx_word' id='word_1_283' title='bbox 1133 1664 1174 1696; x_wconf 91' lang='lat' dir='ltr'>de</span> <span class='ocrx_word' id='word_1_284' title='bbox 1201 1664 1360 1696; x_wconf 88' lang='lat' dir='ltr'>mandato</span> <span class='ocrx_word' id='word_1_285' title='bbox 1386 1666 1416 1696; x_wconf 88' lang='lat' dir='ltr'>et</span> <span class='ocrx_word' id='word_1_286' title='bbox 1443 1664 1658 1705; x_wconf 89' lang='lat' dir='ltr'>impositione</span> <span class='ocrx_word' id='word_1_287' title='bbox 1684 1664 1857 1696; x_wconf 88' lang='lat' dir='ltr'>reverendi</span> <span class='ocrx_word' id='word_1_288' title='bbox 1886 1665 1991 1705; x_wconf 86' lang='lat' dir='ltr'>patris</span> <span class='ocrx_word' id='word_1_289' title='bbox 2016 1664 2075 1695; x_wconf 91' lang='lat' dir='ltr'>do-</span> 
     </span>
     <span class='ocr_line' id='line_1_25' title="bbox 255 1725 2078 1768; baseline 0.001 -11"><span class='ocrx_word' id='word_1_290' title='bbox 255 1726 334 1757; x_wconf 87' lang='lat' dir='ltr'>mini</span> <span class='ocrx_word' id='word_1_291' title='bbox 362 1725 436 1757; x_wconf 93' lang='lat' dir='ltr'>Don</span> <span class='ocrx_word' id='word_1_292' title='bbox 465 1726 587 1758; x_wconf 91' lang='lat' dir='ltr'>Ubaldi</span> <span class='ocrx_word' id='word_1_293' title='bbox 614 1727 654 1757; x_wconf 90' lang='lat' dir='ltr'>de</span> <span class='ocrx_word' id='word_1_294' title='bbox 682 1726 785 1767; x_wconf 86' lang='lat' dir='ltr'>Papia</span> <span class='ocrx_word' id='word_1_295' title='bbox 814 1725 992 1767; x_wconf 89' lang='lat' dir='ltr'>Prepositi‚</span> <span class='ocrx_word' id='word_1_296' title='bbox 1019 1729 1102 1758; x_wconf 82' lang='lat' dir='ltr'>etc...</span> <span class='ocrx_word' id='word_1_297' title='bbox 1129 1736 1188 1758; x_wconf 89' lang='lat' dir='ltr'>nec</span> <span class='ocrx_word' id='word_1_298' title='bbox 1207 1736 1272 1758; x_wconf 92' lang='lat' dir='ltr'>non</span> <span class='ocrx_word' id='word_1_299' title='bbox 1299 1730 1331 1758; x_wconf 89' lang='lat' dir='ltr'>et</span> <span class='ocrx_word' id='word_1_300' title='bbox 1356 1727 1455 1758; x_wconf 90' lang='lat' dir='ltr'>etiam</span> <span class='ocrx_word' id='word_1_301' title='bbox 1476 1727 1569 1768; x_wconf 92' lang='lat' dir='ltr'>prius</span> <span class='ocrx_word' id='word_1_302' title='bbox 1583 1729 1770 1758; x_wconf 83' lang='lat' dir='ltr'>convocato</span> <span class='ocrx_word' id='word_1_303' title='bbox 1789 1727 1932 1758; x_wconf 92' lang='lat' dir='ltr'>collecto</span> <span class='ocrx_word' id='word_1_304' title='bbox 1949 1729 1981 1758; x_wconf 91' lang='lat' dir='ltr'>et</span> <span class='ocrx_word' id='word_1_305' title='bbox 1999 1735 2078 1758; x_wconf 91' lang='lat' dir='ltr'>con-</span> 
     </span>
     <span class='ocr_line' id='line_1_26' title="bbox 254 1788 2074 1830; baseline 0 -10"><span class='ocrx_word' id='word_1_306' title='bbox 254 1792 392 1829; x_wconf 86' lang='lat' dir='ltr'>gregato</span> <span class='ocrx_word' id='word_1_307' title='bbox 417 1789 566 1829; x_wconf 91' lang='lat' dir='ltr'>capitulo</span> <span class='ocrx_word' id='word_1_308' title='bbox 594 1789 711 1830; x_wconf 78' lang='lat' dir='ltr'>prefati</span> <span class='ocrx_word' id='word_1_309' title='bbox 739 1789 933 1820; x_wconf 87' lang='lat' dir='ltr'>monasterii</span> <span class='ocrx_word' id='word_1_310' title='bbox 960 1790 1066 1820; x_wconf 89' lang='lat' dir='ltr'>sancti</span> <span class='ocrx_word' id='word_1_311' title='bbox 1094 1789 1274 1830; x_wconf 83' lang='lat' dir='ltr'>Augustini</span> <span class='ocrx_word' id='word_1_312' title='bbox 1301 1788 1440 1822; x_wconf 87' lang='lat' dir='ltr'>Ordinis</span> <span class='ocrx_word' id='word_1_313' title='bbox 1467 1789 1710 1821; x_wconf 81' lang='lat' dir='ltr'>Heremitarum</span> <span class='ocrx_word' id='word_1_314' title='bbox 1748 1790 1855 1821; x_wconf 86' lang='lat' dir='ltr'>sancti</span> <span class='ocrx_word' id='word_1_315' title='bbox 1894 1789 2074 1830; x_wconf 83' lang='lat' dir='ltr'>Augustini</span> 
     </span>
     <span class='ocr_line' id='line_1_27' title="bbox 254 1851 2076 1893; baseline 0 -11"><span class='ocrx_word' id='word_1_316' title='bbox 254 1860 340 1882; x_wconf 90' lang='lat' dir='ltr'>sono</span> <span class='ocrx_word' id='word_1_317' title='bbox 366 1851 575 1892; x_wconf 85' lang='lat' dir='ltr'>campanelle</span> <span class='ocrx_word' id='word_1_318' title='bbox 602 1852 769 1892; x_wconf 88' lang='lat' dir='ltr'>premisso</span> <span class='ocrx_word' id='word_1_319' title='bbox 797 1854 831 1883; x_wconf 88' lang='lat' dir='ltr'>ut</span> <span class='ocrx_word' id='word_1_320' title='bbox 857 1852 959 1883; x_wconf 90' lang='lat' dir='ltr'>moris</span> <span class='ocrx_word' id='word_1_321' title='bbox 984 1854 1046 1890; x_wconf 89' lang='lat' dir='ltr'>est,</span> <span class='ocrx_word' id='word_1_322' title='bbox 1072 1852 1113 1883; x_wconf 89' lang='lat' dir='ltr'>de</span> <span class='ocrx_word' id='word_1_323' title='bbox 1140 1852 1300 1883; x_wconf 86' lang='lat' dir='ltr'>mandato</span> <span class='ocrx_word' id='word_1_324' title='bbox 1327 1852 1500 1883; x_wconf 88' lang='lat' dir='ltr'>reverendi</span> <span class='ocrx_word' id='word_1_325' title='bbox 1539 1860 1631 1883; x_wconf 82' lang='lat' dir='ltr'>sacre</span> <span class='ocrx_word' id='word_1_326' title='bbox 1669 1852 1836 1893; x_wconf 80' lang='lat' dir='ltr'>theologie</span> <span class='ocrx_word' id='word_1_327' title='bbox 1871 1851 2076 1892; x_wconf 79' lang='lat' dir='ltr'>professoris</span> 
     </span>
     <span class='ocr_line' id='line_1_28' title="bbox 254 1912 2076 1955; baseline 0.001 -11"><span class='ocrx_word' id='word_1_328' title='bbox 254 1913 384 1944; x_wconf 89' lang='lat' dir='ltr'>domini</span> <span class='ocrx_word' id='word_1_329' title='bbox 411 1914 562 1954; x_wconf 86' lang='lat' dir='ltr'>magistri</span> <span class='ocrx_word' id='word_1_330' title='bbox 605 1912 776 1946; x_wconf 86' lang='lat' dir='ltr'>Gabrielis</span> <span class='ocrx_word' id='word_1_331' title='bbox 801 1914 841 1945; x_wconf 87' lang='lat' dir='ltr'>de</span> <span class='ocrx_word' id='word_1_332' title='bbox 869 1913 973 1954; x_wconf 83' lang='lat' dir='ltr'>Papia</span> <span class='ocrx_word' id='word_1_333' title='bbox 1016 1913 1142 1945; x_wconf 91' lang='lat' dir='ltr'>Prioris</span> <span class='ocrx_word' id='word_1_334' title='bbox 1182 1914 1301 1955; x_wconf 82' lang='lat' dir='ltr'>prefati</span> <span class='ocrx_word' id='word_1_335' title='bbox 1344 1915 1538 1946; x_wconf 87' lang='lat' dir='ltr'>monasterii</span> <span class='ocrx_word' id='word_1_336' title='bbox 1581 1915 1687 1946; x_wconf 83' lang='lat' dir='ltr'>sancti</span> <span class='ocrx_word' id='word_1_337' title='bbox 1730 1913 1923 1955; x_wconf 79' lang='lat' dir='ltr'>Augustini,</span> <span class='ocrx_word' id='word_1_338' title='bbox 1951 1915 1981 1945; x_wconf 89' lang='lat' dir='ltr'>in</span> <span class='ocrx_word' id='word_1_339' title='bbox 2008 1923 2076 1954; x_wconf 92' lang='lat' dir='ltr'>quo</span> 
     </span>
     <span class='ocr_line' id='line_1_29' title="bbox 256 1975 2077 2017; baseline 0.001 -10"><span class='ocrx_word' id='word_1_340' title='bbox 256 1976 393 2016; x_wconf 90' lang='lat' dir='ltr'>quidem</span> <span class='ocrx_word' id='word_1_341' title='bbox 420 1976 569 2016; x_wconf 86' lang='lat' dir='ltr'>capitulo</span> <span class='ocrx_word' id='word_1_342' title='bbox 595 1975 728 2007; x_wconf 86' lang='lat' dir='ltr'>fuerunt</span> <span class='ocrx_word' id='word_1_343' title='bbox 753 1978 784 2008; x_wconf 89' lang='lat' dir='ltr'>et</span> <span class='ocrx_word' id='word_1_344' title='bbox 809 1979 903 2008; x_wconf 80' lang='lat' dir='ltr'>erant</span> <span class='ocrx_word' id='word_1_345' title='bbox 928 1979 959 2008; x_wconf 87' lang='lat' dir='ltr'>et</span> <span class='ocrx_word' id='word_1_346' title='bbox 985 1979 1063 2008; x_wconf 87' lang='lat' dir='ltr'>sunt</span> <span class='ocrx_word' id='word_1_347' title='bbox 1089 1976 1241 2017; x_wconf 80' lang='lat' dir='ltr'>prefatus</span> <span class='ocrx_word' id='word_1_348' title='bbox 1267 1977 1427 2008; x_wconf 91' lang='lat' dir='ltr'>dominus</span> <span class='ocrx_word' id='word_1_349' title='bbox 1453 1975 1548 2008; x_wconf 91' lang='lat' dir='ltr'>Prior</span> <span class='ocrx_word' id='word_1_350' title='bbox 1573 1979 1603 2008; x_wconf 89' lang='lat' dir='ltr'>et</span> <span class='ocrx_word' id='word_1_351' title='bbox 1629 1986 1704 2008; x_wconf 92' lang='lat' dir='ltr'>cum</span> <span class='ocrx_word' id='word_1_352' title='bbox 1731 1978 1761 2007; x_wconf 88' lang='lat' dir='ltr'>et</span> <span class='ocrx_word' id='word_1_353' title='bbox 1787 1985 1893 2017; x_wconf 89' lang='lat' dir='ltr'>penes</span> <span class='ocrx_word' id='word_1_354' title='bbox 1918 1985 1993 2008; x_wconf 91' lang='lat' dir='ltr'>eum</span> <span class='ocrx_word' id='word_1_355' title='bbox 2020 1985 2077 2008; x_wconf 89' lang='lat' dir='ltr'>ve-</span> 
     </span>
     <span class='ocr_line' id='line_1_30' title="bbox 256 2038 2077 2080; baseline 0 -11"><span class='ocrx_word' id='word_1_356' title='bbox 256 2038 416 2069; x_wconf 85' lang='lat' dir='ltr'>nerabilis</span> <span class='ocrx_word' id='word_1_357' title='bbox 442 2038 602 2070; x_wconf 91' lang='lat' dir='ltr'>dominus</span> <span class='ocrx_word' id='word_1_358' title='bbox 628 2039 790 2080; x_wconf 88' lang='lat' dir='ltr'>magister</span> <span class='ocrx_word' id='word_1_359' title='bbox 815 2038 934 2070; x_wconf 91' lang='lat' dir='ltr'>Petrus</span> <span class='ocrx_word' id='word_1_360' title='bbox 960 2039 1001 2070; x_wconf 89' lang='lat' dir='ltr'>de</span> <span class='ocrx_word' id='word_1_361' title='bbox 1027 2038 1244 2071; x_wconf 88' lang='lat' dir='ltr'>Castronovo</span> <span class='ocrx_word' id='word_1_362' title='bbox 1271 2047 1365 2070; x_wconf 92' lang='lat' dir='ltr'>sacre</span> <span class='ocrx_word' id='word_1_363' title='bbox 1391 2039 1560 2080; x_wconf 79' lang='lat' dir='ltr'>theologie</span> <span class='ocrx_word' id='word_1_364' title='bbox 1587 2038 1761 2079; x_wconf 85' lang='lat' dir='ltr'>professor</span> <span class='ocrx_word' id='word_1_365' title='bbox 1794 2039 1951 2076; x_wconf 90' lang='lat' dir='ltr'>vicarius,</span> <span class='ocrx_word' id='word_1_366' title='bbox 1977 2038 2077 2070; x_wconf 83' lang='lat' dir='ltr'>frater</span> 
     </span>
     <span class='ocr_line' id='line_1_31' title="bbox 256 2098 2076 2142; baseline 0.001 -11"><span class='ocrx_word' id='word_1_367' title='bbox 256 2099 376 2132; x_wconf 89' lang='lat' dir='ltr'>Petrus</span> <span class='ocrx_word' id='word_1_368' title='bbox 402 2100 442 2131; x_wconf 91' lang='lat' dir='ltr'>de</span> <span class='ocrx_word' id='word_1_369' title='bbox 467 2098 607 2138; x_wconf 87' lang='lat' dir='ltr'>CanetO,</span> <span class='ocrx_word' id='word_1_370' title='bbox 634 2100 734 2132; x_wconf 83' lang='lat' dir='ltr'>frater</span> <span class='ocrx_word' id='word_1_371' title='bbox 759 2100 946 2132; x_wconf 88' lang='lat' dir='ltr'>Nicholaus</span> <span class='ocrx_word' id='word_1_372' title='bbox 972 2110 1104 2142; x_wconf 85' lang='lat' dir='ltr'>regens,</span> <span class='ocrx_word' id='word_1_373' title='bbox 1145 2101 1245 2133; x_wconf 66' lang='lat' dir='ltr'>frater</span> <span class='ocrx_word' id='word_1_374' title='bbox 1281 2101 1411 2133; x_wconf 84' lang='lat' dir='ltr'>Luchas</span> <span class='ocrx_word' id='word_1_375' title='bbox 1449 2102 1489 2133; x_wconf 89' lang='lat' dir='ltr'>de</span> <span class='ocrx_word' id='word_1_376' title='bbox 1528 2100 1757 2142; x_wconf 77' lang='lat' dir='ltr'>Romagnano,</span> <span class='ocrx_word' id='word_1_377' title='bbox 1795 2101 1895 2132; x_wconf 83' lang='lat' dir='ltr'>frater</span> <span class='ocrx_word' id='word_1_378' title='bbox 1935 2101 2076 2133; x_wconf 88' lang='lat' dir='ltr'>lacobus</span> 
     </span>
     <span class='ocr_line' id='line_1_32' title="bbox 256 2161 2075 2203; baseline 0 -9"><span class='ocrx_word' id='word_1_379' title='bbox 256 2163 297 2194; x_wconf 90' lang='lat' dir='ltr'>de</span> <span class='ocrx_word' id='word_1_380' title='bbox 322 2161 531 2200; x_wconf 85' lang='lat' dir='ltr'>Casteliono,</span> <span class='ocrx_word' id='word_1_381' title='bbox 558 2163 657 2194; x_wconf 84' lang='lat' dir='ltr'>frater</span> <span class='ocrx_word' id='word_1_382' title='bbox 684 2163 843 2195; x_wconf 91' lang='lat' dir='ltr'>Albertus</span> <span class='ocrx_word' id='word_1_383' title='bbox 869 2164 910 2195; x_wconf 89' lang='lat' dir='ltr'>de</span> <span class='ocrx_word' id='word_1_384' title='bbox 936 2162 1053 2195; x_wconf 86' lang='lat' dir='ltr'>Padua</span> <span class='ocrx_word' id='word_1_385' title='bbox 1080 2164 1193 2201; x_wconf 88' lang='lat' dir='ltr'>lector,</span> <span class='ocrx_word' id='word_1_386' title='bbox 1233 2163 1334 2195; x_wconf 82' lang='lat' dir='ltr'>frater</span> <span class='ocrx_word' id='word_1_387' title='bbox 1374 2163 1532 2195; x_wconf 88' lang='lat' dir='ltr'>Aurelius</span> <span class='ocrx_word' id='word_1_388' title='bbox 1558 2163 1598 2195; x_wconf 87' lang='lat' dir='ltr'>de</span> <span class='ocrx_word' id='word_1_389' title='bbox 1624 2161 1755 2195; x_wconf 84' lang='lat' dir='ltr'>Candia</span> <span class='ocrx_word' id='word_1_390' title='bbox 1781 2163 1951 2203; x_wconf 84' lang='lat' dir='ltr'>subprior,</span> <span class='ocrx_word' id='word_1_391' title='bbox 1976 2162 2075 2195; x_wconf 83' lang='lat' dir='ltr'>frater</span> 
     </span>
     <span class='ocr_line' id='line_1_33' title="bbox 255 2223 2075 2266; baseline 0 -10"><span class='ocrx_word' id='word_1_392' title='bbox 255 2223 481 2257; x_wconf 88' lang='lat' dir='ltr'>Sebastianus</span> <span class='ocrx_word' id='word_1_393' title='bbox 507 2226 548 2257; x_wconf 90' lang='lat' dir='ltr'>de</span> <span class='ocrx_word' id='word_1_394' title='bbox 575 2223 720 2263; x_wconf 87' lang='lat' dir='ltr'>Caxalli‚</span> <span class='ocrx_word' id='word_1_395' title='bbox 746 2225 845 2257; x_wconf 82' lang='lat' dir='ltr'>frater</span> <span class='ocrx_word' id='word_1_396' title='bbox 872 2225 1017 2257; x_wconf 86' lang='lat' dir='ltr'>Michael</span> <span class='ocrx_word' id='word_1_397' title='bbox 1044 2225 1195 2266; x_wconf 87' lang='lat' dir='ltr'>Angelus</span> <span class='ocrx_word' id='word_1_398' title='bbox 1221 2226 1262 2257; x_wconf 85' lang='lat' dir='ltr'>de</span> <span class='ocrx_word' id='word_1_399' title='bbox 1288 2224 1402 2266; x_wconf 86' lang='lat' dir='ltr'>Papia,</span> <span class='ocrx_word' id='word_1_400' title='bbox 1431 2225 1532 2257; x_wconf 85' lang='lat' dir='ltr'>frater</span> <span class='ocrx_word' id='word_1_401' title='bbox 1557 2225 1724 2257; x_wconf 90' lang='lat' dir='ltr'>lohannes</span> <span class='ocrx_word' id='word_1_402' title='bbox 1742 2225 1910 2256; x_wconf 91' lang='lat' dir='ltr'>Antonius</span> <span class='ocrx_word' id='word_1_403' title='bbox 1929 2225 1970 2256; x_wconf 89' lang='lat' dir='ltr'>de</span> <span class='ocrx_word' id='word_1_404' title='bbox 1989 2223 2075 2257; x_wconf 86' lang='lat' dir='ltr'>Gro-</span> 
     </span>
     <span class='ocr_line' id='line_1_34' title="bbox 257 2287 2076 2329; baseline 0 -11"><span class='ocrx_word' id='word_1_405' title='bbox 257 2287 356 2327; x_wconf 84' lang='lat' dir='ltr'>pello,</span> <span class='ocrx_word' id='word_1_406' title='bbox 382 2287 483 2319; x_wconf 82' lang='lat' dir='ltr'>frater</span> <span class='ocrx_word' id='word_1_407' title='bbox 509 2287 721 2329; x_wconf 84' lang='lat' dir='ltr'>Augustinus</span> <span class='ocrx_word' id='word_1_408' title='bbox 747 2289 788 2319; x_wconf 90' lang='lat' dir='ltr'>de</span> <span class='ocrx_word' id='word_1_409' title='bbox 815 2287 1047 2329; x_wconf 87' lang='lat' dir='ltr'>Pizighetono,</span> <span class='ocrx_word' id='word_1_410' title='bbox 1088 2288 1189 2319; x_wconf 83' lang='lat' dir='ltr'>frater</span> <span class='ocrx_word' id='word_1_411' title='bbox 1231 2287 1438 2319; x_wconf 88' lang='lat' dir='ltr'>Ambroxius</span> <span class='ocrx_word' id='word_1_412' title='bbox 1464 2288 1505 2319; x_wconf 88' lang='lat' dir='ltr'>de</span> <span class='ocrx_word' id='word_1_413' title='bbox 1532 2287 1762 2329; x_wconf 75' lang='lat' dir='ltr'>RomagnanO,</span> <span class='ocrx_word' id='word_1_414' title='bbox 1799 2287 1899 2319; x_wconf 79' lang='lat' dir='ltr'>irater</span> <span class='ocrx_word' id='word_1_415' title='bbox 1936 2287 2076 2319; x_wconf 90' lang='lat' dir='ltr'>lacobus</span> 
     </span>
     <span class='ocr_line' id='line_1_35' title="bbox 257 2348 2072 2391; baseline 0.001 -11"><span class='ocrx_word' id='word_1_416' title='bbox 257 2349 365 2381; x_wconf 84' lang='lat' dir='ltr'>Maria</span> <span class='ocrx_word' id='word_1_417' title='bbox 391 2350 432 2381; x_wconf 89' lang='lat' dir='ltr'>de</span> <span class='ocrx_word' id='word_1_418' title='bbox 457 2348 589 2388; x_wconf 86' lang='lat' dir='ltr'>Crema,</span> <span class='ocrx_word' id='word_1_419' title='bbox 617 2351 716 2382; x_wconf 81' lang='lat' dir='ltr'>trater</span> <span class='ocrx_word' id='word_1_420' title='bbox 742 2349 1012 2391; x_wconf 84' lang='lat' dir='ltr'>Christophorus</span> <span class='ocrx_word' id='word_1_421' title='bbox 1039 2351 1079 2382; x_wconf 89' lang='lat' dir='ltr'>de</span> <span class='ocrx_word' id='word_1_422' title='bbox 1106 2349 1223 2391; x_wconf 80' lang='lat' dir='ltr'>Papia,</span> <span class='ocrx_word' id='word_1_423' title='bbox 1250 2350 1350 2382; x_wconf 81' lang='lat' dir='ltr'>frater</span> <span class='ocrx_word' id='word_1_424' title='bbox 1376 2350 1542 2382; x_wconf 88' lang='lat' dir='ltr'>lohannes</span> <span class='ocrx_word' id='word_1_425' title='bbox 1568 2350 1675 2382; x_wconf 87' lang='lat' dir='ltr'>Maria</span> <span class='ocrx_word' id='word_1_426' title='bbox 1702 2350 1742 2381; x_wconf 91' lang='lat' dir='ltr'>de</span> <span class='ocrx_word' id='word_1_427' title='bbox 1768 2350 1934 2387; x_wconf 84' lang='lat' dir='ltr'>Veneciis,</span> <span class='ocrx_word' id='word_1_428' title='bbox 1971 2349 2072 2381; x_wconf 82' lang='lat' dir='ltr'>frater</span> 
     </span>
     <span class='ocr_line' id='line_1_36' title="bbox 258 2411 2072 2451; baseline 0.001 -9"><span class='ocrx_word' id='word_1_429' title='bbox 258 2411 422 2443; x_wconf 83' lang='lat' dir='ltr'>lohannes</span> <span class='ocrx_word' id='word_1_430' title='bbox 449 2412 489 2443; x_wconf 88' lang='lat' dir='ltr'>de</span> <span class='ocrx_word' id='word_1_431' title='bbox 517 2412 702 2450; x_wconf 81' lang='lat' dir='ltr'>Modoetia‚</span> <span class='ocrx_word' id='word_1_432' title='bbox 744 2412 844 2444; x_wconf 82' lang='lat' dir='ltr'>frater</span> <span class='ocrx_word' id='word_1_433' title='bbox 884 2412 1026 2444; x_wconf 88' lang='lat' dir='ltr'>lacobus</span> <span class='ocrx_word' id='word_1_434' title='bbox 1052 2413 1094 2444; x_wconf 85' lang='lat' dir='ltr'>de</span> <span class='ocrx_word' id='word_1_435' title='bbox 1121 2412 1286 2451; x_wconf 80' lang='lat' dir='ltr'>Bononia,</span> <span class='ocrx_word' id='word_1_436' title='bbox 1327 2413 1426 2444; x_wconf 87' lang='lat' dir='ltr'>frater</span> <span class='ocrx_word' id='word_1_437' title='bbox 1467 2413 1628 2444; x_wconf 87' lang='lat' dir='ltr'>Marchus</span> <span class='ocrx_word' id='word_1_438' title='bbox 1653 2413 1694 2444; x_wconf 89' lang='lat' dir='ltr'>de</span> <span class='ocrx_word' id='word_1_439' title='bbox 1721 2412 1862 2449; x_wconf 75' lang='lat' dir='ltr'>Barona,</span> <span class='ocrx_word' id='word_1_440' title='bbox 1889 2411 1988 2443; x_wconf 84' lang='lat' dir='ltr'>frater</span> <span class='ocrx_word' id='word_1_441' title='bbox 2014 2411 2072 2443; x_wconf 92' lang='lat' dir='ltr'>Ni-</span> 
     </span>
     <span class='ocr_line' id='line_1_37' title="bbox 256 2474 2075 2515; baseline 0.001 -10"><span class='ocrx_word' id='word_1_442' title='bbox 256 2474 375 2505; x_wconf 75' lang='lat' dir='ltr'>colaus</span> <span class='ocrx_word' id='word_1_443' title='bbox 401 2474 441 2505; x_wconf 84' lang='lat' dir='ltr'>de</span> <span class='ocrx_word' id='word_1_444' title='bbox 468 2474 579 2511; x_wconf 83' lang='lat' dir='ltr'>Lenta,</span> <span class='ocrx_word' id='word_1_445' title='bbox 621 2474 719 2506; x_wconf 82' lang='lat' dir='ltr'>frater</span> <span class='ocrx_word' id='word_1_446' title='bbox 761 2474 909 2515; x_wconf 80' lang='lat' dir='ltr'>Raphael</span> <span class='ocrx_word' id='word_1_447' title='bbox 938 2475 978 2506; x_wconf 88' lang='lat' dir='ltr'>de</span> <span class='ocrx_word' id='word_1_448' title='bbox 1005 2475 1188 2507; x_wconf 82' lang='lat' dir='ltr'>Valmaclia</span> <span class='ocrx_word' id='word_1_449' title='bbox 1213 2478 1244 2506; x_wconf 87' lang='lat' dir='ltr'>et</span> <span class='ocrx_word' id='word_1_450' title='bbox 1271 2475 1371 2507; x_wconf 81' lang='lat' dir='ltr'>frater</span> <span class='ocrx_word' id='word_1_451' title='bbox 1412 2475 1630 2506; x_wconf 87' lang='lat' dir='ltr'>Ludovichus</span> <span class='ocrx_word' id='word_1_452' title='bbox 1667 2475 1707 2506; x_wconf 89' lang='lat' dir='ltr'>de</span> <span class='ocrx_word' id='word_1_453' title='bbox 1748 2474 1921 2511; x_wconf 89' lang='lat' dir='ltr'>Vercellis,</span> <span class='ocrx_word' id='word_1_454' title='bbox 1958 2483 2075 2506; x_wconf 90' lang='lat' dir='ltr'>omnes</span> 
     </span>
     <span class='ocr_line' id='line_1_38' title="bbox 259 2536 2073 2578; baseline 0.001 -12"><span class='ocrx_word' id='word_1_455' title='bbox 259 2536 376 2567; x_wconf 79' lang='lat' dir='ltr'>fratres</span> <span class='ocrx_word' id='word_1_456' title='bbox 402 2536 547 2576; x_wconf 74' lang='lat' dir='ltr'>professi</span> <span class='ocrx_word' id='word_1_457' title='bbox 576 2537 693 2577; x_wconf 78' lang='lat' dir='ltr'>prefati</span> <span class='ocrx_word' id='word_1_458' title='bbox 721 2538 926 2575; x_wconf 87' lang='lat' dir='ltr'>monasterii,</span> <span class='ocrx_word' id='word_1_459' title='bbox 956 2537 1117 2569; x_wconf 85' lang='lat' dir='ltr'>facientes</span> <span class='ocrx_word' id='word_1_460' title='bbox 1143 2540 1173 2569; x_wconf 85' lang='lat' dir='ltr'>et</span> <span class='ocrx_word' id='word_1_461' title='bbox 1200 2540 1470 2578; x_wconf 81' lang='lat' dir='ltr'>representantes</span> <span class='ocrx_word' id='word_1_462' title='bbox 1511 2538 1670 2568; x_wconf 87' lang='lat' dir='ltr'>maiorem</span> <span class='ocrx_word' id='word_1_463' title='bbox 1697 2539 1727 2568; x_wconf 91' lang='lat' dir='ltr'>et</span> <span class='ocrx_word' id='word_1_464' title='bbox 1753 2537 1920 2569; x_wconf 88' lang='lat' dir='ltr'>saniorem</span> <span class='ocrx_word' id='word_1_465' title='bbox 1948 2539 2073 2577; x_wconf 88' lang='lat' dir='ltr'>partem</span> 
     </span>
     <span class='ocr_line' id='line_1_39' title="bbox 256 2599 2074 2640; baseline -0.001 -11"><span class='ocrx_word' id='word_1_466' title='bbox 256 2602 288 2629; x_wconf 72' lang='lat' dir='ltr'>et</span> <span class='ocrx_word' id='word_1_467' title='bbox 315 2599 495 2638; x_wconf 78' lang='lat' dir='ltr'>plusquam</span> <span class='ocrx_word' id='word_1_468' title='bbox 523 2599 608 2630; x_wconf 83' lang='lat' dir='ltr'>duas</span> <span class='ocrx_word' id='word_1_469' title='bbox 634 2603 746 2639; x_wconf 85' lang='lat' dir='ltr'>partes</span> <span class='ocrx_word' id='word_1_470' title='bbox 771 2609 811 2630; x_wconf 73' lang='lat' dir='ltr'>ex</span> <span class='ocrx_word' id='word_1_471' title='bbox 839 2600 947 2631; x_wconf 85' lang='lat' dir='ltr'>tribus</span> <span class='ocrx_word' id='word_1_472' title='bbox 973 2600 1090 2640; x_wconf 81' lang='lat' dir='ltr'>prelati</span> <span class='ocrx_word' id='word_1_473' title='bbox 1118 2599 1278 2640; x_wconf 79' lang='lat' dir='ltr'>Capituli,</span> <span class='ocrx_word' id='word_1_474' title='bbox 1298 2603 1395 2640; x_wconf 87' lang='lat' dir='ltr'>prout</span> <span class='ocrx_word' id='word_1_475' title='bbox 1413 2601 1461 2631; x_wconf 92' lang='lat' dir='ltr'>sic</span> <span class='ocrx_word' id='word_1_476' title='bbox 1480 2609 1593 2631; x_wconf 83' lang='lat' dir='ltr'>verum</span> <span class='ocrx_word' id='word_1_477' title='bbox 1613 2599 1717 2631; x_wconf 82' lang='lat' dir='ltr'>forem</span> <span class='ocrx_word' id='word_1_478' title='bbox 1732 2602 1763 2631; x_wconf 92' lang='lat' dir='ltr'>et</span> <span class='ocrx_word' id='word_1_479' title='bbox 1777 2608 1853 2631; x_wconf 86' lang='lat' dir='ltr'>esse</span> <span class='ocrx_word' id='word_1_480' title='bbox 1871 2599 1989 2640; x_wconf 82' lang='lat' dir='ltr'>prefati</span> <span class='ocrx_word' id='word_1_481' title='bbox 2016 2600 2074 2630; x_wconf 90' lang='lat' dir='ltr'>do-</span> 
     </span>
     <span class='ocr_line' id='line_1_40' title="bbox 260 2660 2074 2703; baseline 0.001 -12"><span class='ocrx_word' id='word_1_482' title='bbox 260 2661 337 2691; x_wconf 92' lang='lat' dir='ltr'>mini</span> <span class='ocrx_word' id='word_1_483' title='bbox 366 2660 563 2701; x_wconf 79' lang='lat' dir='ltr'>Prepositus</span> <span class='ocrx_word' id='word_1_484' title='bbox 589 2664 619 2692; x_wconf 89' lang='lat' dir='ltr'>et</span> <span class='ocrx_word' id='word_1_485' title='bbox 645 2660 807 2693; x_wconf 90' lang='lat' dir='ltr'>Canonici</span> <span class='ocrx_word' id='word_1_486' title='bbox 835 2662 948 2693; x_wconf 89' lang='lat' dir='ltr'>dicunt</span> <span class='ocrx_word' id='word_1_487' title='bbox 974 2663 1176 2694; x_wconf 78' lang='lat' dir='ltr'>confitentur</span> <span class='ocrx_word' id='word_1_488' title='bbox 1200 2664 1230 2694; x_wconf 91' lang='lat' dir='ltr'>et</span> <span class='ocrx_word' id='word_1_489' title='bbox 1257 2664 1495 2703; x_wconf 80' lang='lat' dir='ltr'>protestantur,</span> <span class='ocrx_word' id='word_1_490' title='bbox 1522 2663 1552 2693; x_wconf 88' lang='lat' dir='ltr'>in</span> <span class='ocrx_word' id='word_1_491' title='bbox 1580 2663 1760 2702; x_wconf 85' lang='lat' dir='ltr'>presentia,</span> <span class='ocrx_word' id='word_1_492' title='bbox 1786 2665 1845 2693; x_wconf 89' lang='lat' dir='ltr'>etc.</span> <span class='ocrx_word' id='word_1_493' title='bbox 1873 2664 1994 2702; x_wconf 88' lang='lat' dir='ltr'>sponte</span> <span class='ocrx_word' id='word_1_494' title='bbox 2013 2664 2074 2693; x_wconf 85' lang='lat' dir='ltr'>etc.</span> 
     </span>
     <span class='ocr_line' id='line_1_41' title="bbox 260 2723 2075 2765; baseline 0.001 -12"><span class='ocrx_word' id='word_1_495' title='bbox 260 2723 443 2754; x_wconf 87' lang='lat' dir='ltr'>devenerut</span> <span class='ocrx_word' id='word_1_496' title='bbox 469 2726 569 2762; x_wconf 89' lang='lat' dir='ltr'>atque</span> <span class='ocrx_word' id='word_1_497' title='bbox 596 2724 778 2755; x_wconf 87' lang='lat' dir='ltr'>deveniunt</span> <span class='ocrx_word' id='word_1_498' title='bbox 816 2724 857 2755; x_wconf 82' lang='lat' dir='ltr'>ad</span> <span class='ocrx_word' id='word_1_499' title='bbox 897 2724 1129 2765; x_wconf 83' lang='lat' dir='ltr'>infrascriptas</span> <span class='ocrx_word' id='word_1_500' title='bbox 1167 2726 1414 2756; x_wconf 62' lang='lat' dir='ltr'>transactiones</span> <span class='ocrx_word' id='word_1_501' title='bbox 1450 2727 1481 2756; x_wconf 85' lang='lat' dir='ltr'>et</span> <span class='ocrx_word' id='word_1_502' title='bbox 1513 2725 1766 2762; x_wconf 86' lang='lat' dir='ltr'>conventiones,</span> <span class='ocrx_word' id='word_1_503' title='bbox 1794 2724 2075 2764; x_wconf 80' lang='lat' dir='ltr'>infrascriptaque</span> 
     </span>
     <span class='ocr_line' id='line_1_42' title="bbox 260 2786 2074 2827; baseline 0.001 -12"><span class='ocrx_word' id='word_1_504' title='bbox 260 2787 356 2825; x_wconf 86' lang='lat' dir='ltr'>pacta</span> <span class='ocrx_word' id='word_1_505' title='bbox 382 2794 439 2825; x_wconf 87' lang='lat' dir='ltr'>per</span> <span class='ocrx_word' id='word_1_506' title='bbox 465 2788 496 2816; x_wconf 89' lang='lat' dir='ltr'>et</span> <span class='ocrx_word' id='word_1_507' title='bbox 523 2786 606 2816; x_wconf 86' lang='lat' dir='ltr'>inter</span> <span class='ocrx_word' id='word_1_508' title='bbox 632 2786 739 2817; x_wconf 85' lang='lat' dir='ltr'>dictas</span> <span class='ocrx_word' id='word_1_509' title='bbox 766 2788 879 2826; x_wconf 81' lang='lat' dir='ltr'>partes</span> <span class='ocrx_word' id='word_1_510' title='bbox 906 2787 1076 2818; x_wconf 88' lang='lat' dir='ltr'>hincinde</span> <span class='ocrx_word' id='word_1_511' title='bbox 1096 2787 1262 2827; x_wconf 82' lang='lat' dir='ltr'>solempni</span> <span class='ocrx_word' id='word_1_512' title='bbox 1290 2786 1510 2827; x_wconf 87' lang='lat' dir='ltr'>stipulatione</span> <span class='ocrx_word' id='word_1_513' title='bbox 1538 2786 1681 2817; x_wconf 80' lang='lat' dir='ltr'>vallatas</span> <span class='ocrx_word' id='word_1_514' title='bbox 1699 2788 1729 2817; x_wconf 88' lang='lat' dir='ltr'>et</span> <span class='ocrx_word' id='word_1_515' title='bbox 1748 2786 1882 2823; x_wconf 89' lang='lat' dir='ltr'>vallata,</span> <span class='ocrx_word' id='word_1_516' title='bbox 1901 2786 2074 2817; x_wconf 87' lang='lat' dir='ltr'>videlicet:</span> 
     </span>
     <span class='ocr_line' id='line_1_43' title="bbox 260 2847 2077 2889; baseline 0.001 -12"><span class='ocrx_word' id='word_1_517' title='bbox 260 2847 367 2887; x_wconf 88' lang='lat' dir='ltr'>primo</span> <span class='ocrx_word' id='word_1_518' title='bbox 393 2847 484 2887; x_wconf 89' lang='lat' dir='ltr'>quod</span> <span class='ocrx_word' id='word_1_519' title='bbox 512 2847 630 2887; x_wconf 79' lang='lat' dir='ltr'>prefati</span> <span class='ocrx_word' id='word_1_520' title='bbox 658 2848 784 2879; x_wconf 87' lang='lat' dir='ltr'>domini</span> <span class='ocrx_word' id='word_1_521' title='bbox 813 2847 907 2879; x_wconf 83' lang='lat' dir='ltr'>Prior</span> <span class='ocrx_word' id='word_1_522' title='bbox 933 2852 963 2880; x_wconf 88' lang='lat' dir='ltr'>et</span> <span class='ocrx_word' id='word_1_523' title='bbox 990 2848 1109 2880; x_wconf 77' lang='lat' dir='ltr'>fratres</span> <span class='ocrx_word' id='word_1_524' title='bbox 1136 2849 1253 2888; x_wconf 83' lang='lat' dir='ltr'>prefati</span> <span class='ocrx_word' id='word_1_525' title='bbox 1281 2851 1470 2880; x_wconf 87' lang='lat' dir='ltr'>conventus</span> <span class='ocrx_word' id='word_1_526' title='bbox 1496 2848 1601 2879; x_wconf 83' lang='lat' dir='ltr'>sancti</span> <span class='ocrx_word' id='word_1_527' title='bbox 1637 2847 1815 2889; x_wconf 87' lang='lat' dir='ltr'>Augustini</span> <span class='ocrx_word' id='word_1_528' title='bbox 1843 2847 1984 2880; x_wconf 83' lang='lat' dir='ltr'>Ordinis</span> <span class='ocrx_word' id='word_1_529' title='bbox 2011 2848 2077 2880; x_wconf 90' lang='grc' dir='ltr'>Η6-</span> 
     </span>
    </p>
   </div>
   <div class='ocr_carea' id='block_1_3' title="bbox 329 3005 2070 3031">
    <p class='ocr_par' dir='ltr' id='par_1_3' title="bbox 329 3005 2070 3031">
     <span class='ocr_line' id='line_1_44' title="bbox 329 3005 2070 3031; baseline 0.001 -6"><span class='ocrx_word' id='word_1_530' title='bbox 329 3006 346 3028; x_wconf 84' lang='grc'>1)</span> <span class='ocrx_word' id='word_1_531' title='bbox 363 3005 552 3025; x_wconf 59' lang='grc' dir='ltr'>Εκῐόνηῐςιηνιιῐυ</span> <span class='ocrx_word' id='word_1_532' title='bbox 569 3005 588 3024; x_wconf 76' lang='lat' dir='ltr'>ii·</span> <span class='ocrx_word' id='word_1_533' title='bbox 605 3006 674 3030; x_wconf 67' lang='lat' dir='ltr'>luogo</span> <span class='ocrx_word' id='word_1_534' title='bbox 691 3005 711 3024; x_wconf 70' lang='grc'>111</span> <span class='ocrx_word' id='word_1_535' title='bbox 723 3005 822 3025; x_wconf 38' lang='lat' dir='ltr'>initiat-lt·</span> <span class='ocrx_word' id='word_1_536' title='bbox 834 3006 861 3025; x_wconf 63' lang='lat' dir='ltr'>dr·</span> <span class='ocrx_word' id='word_1_537' title='bbox 874 3006 1005 3026; x_wconf 64' lang='lat' dir='ltr'>Marchixiis</span> <span class='ocrx_word' id='word_1_538' title='bbox 1018 3007 1144 3029; x_wconf 54' lang='lat' dir='ltr'>lwsumrava</span> <span class='ocrx_word' id='word_1_539' title='bbox 1193 3009 1247 3025; x_wconf 79' lang='lat' dir='ltr'>nula</span> <span class='ocrx_word' id='word_1_540' title='bbox 1264 3006 1373 3031; x_wconf 56' lang='lat' dir='ltr'>originale</span> <span class='ocrx_word' id='word_1_541' title='bbox 1389 3009 1525 3025; x_wconf 62' lang='lat' dir='ltr'>conservata</span> <span class='ocrx_word' id='word_1_542' title='bbox 1543 3006 1594 3025; x_wconf 70' lang='lat' dir='ltr'>iii-ll&#39;</span> <span class='ocrx_word' id='word_1_543' title='bbox 1606 3006 1712 3026; x_wconf 68' lang='lat' dir='ltr'>Archivio</span> <span class='ocrx_word' id='word_1_544' title='bbox 1728 3006 1824 3026; x_wconf 64' lang='lat' dir='ltr'>natatile</span> <span class='ocrx_word' id='word_1_545' title='bbox 1835 3006 1855 3026; x_wconf 80' lang='lat' dir='ltr'>di</span> <span class='ocrx_word' id='word_1_546' title='bbox 1867 3005 1934 3026; x_wconf 64' lang='lat' dir='ltr'>pavia</span> <span class='ocrx_word' id='word_1_547' title='bbox 1947 3006 1979 3026; x_wconf 65' lang='lat' dir='ltr'>iia</span> <span class='ocrx_word' id='word_1_548' title='bbox 1991 3007 2019 3031; x_wconf 68' lang='lat' dir='ltr'>gl:</span> <span class='ocrx_word' id='word_1_549' title='bbox 2029 3009 2070 3026; x_wconf 68' lang='lat' dir='ltr'>alli</span> 
     </span>
    </p>
   </div>
   <div class='ocr_carea' id='block_1_4' title="bbox 264 3049 1542 3071">
    <p class='ocr_par' dir='ltr' id='par_1_4' title="bbox 264 3049 1542 3071">
     <span class='ocr_line' id='line_1_45' title="bbox 264 3049 1542 3071; baseline 0 -2"><span class='ocrx_word' id='word_1_550' title='bbox 264 3050 311 3070; x_wconf 66' lang='lat' dir='ltr'>«lire</span> <span class='ocrx_word' id='word_1_551' title='bbox 328 3050 384 3069; x_wconf 66' lang='lat' dir='ltr'>(Eion</span> <span class='ocrx_word' id='word_1_552' title='bbox 401 3050 512 3070; x_wconf 50' lang='lat' dir='ltr'>(Maeonio</span> <span class='ocrx_word' id='word_1_553' title='bbox 538 3049 686 3069; x_wconf 58' lang='lat' dir='ltr'>Mosae-avani</span> <span class='ocrx_word' id='word_1_554' title='bbox 714 3050 744 3069; x_wconf 85' lang='lat' dir='ltr'>Lo</span> <span class='ocrx_word' id='word_1_555' title='bbox 761 3052 837 3070; x_wconf 75' lang='lat' dir='ltr'>stesso</span> <span class='ocrx_word' id='word_1_556' title='bbox 863 3056 939 3070; x_wconf 66' lang='lat' dir='ltr'>errore</span> <span class='ocrx_word' id='word_1_557' title='bbox 956 3052 973 3071; x_wconf 80' lang='lat' dir='ltr'>si</span> <span class='ocrx_word' id='word_1_558' title='bbox 992 3052 1017 3071; x_wconf 70' lang='lat' dir='ltr'>liu</span> <span class='ocrx_word' id='word_1_559' title='bbox 1036 3052 1091 3071; x_wconf 55' lang='lat' dir='ltr'>nella</span> <span class='ocrx_word' id='word_1_560' title='bbox 1111 3051 1149 3070; x_wconf 88' lang='grc'>1111-</span> <span class='ocrx_word' id='word_1_561' title='bbox 1197 3051 1218 3070; x_wconf 85' lang='lat' dir='ltr'>di</span> <span class='ocrx_word' id='word_1_562' title='bbox 1235 3050 1291 3070; x_wconf 71' lang='lat' dir='ltr'>(iinn</span> <span class='ocrx_word' id='word_1_563' title='bbox 1309 3051 1435 3071; x_wconf 66' lang='lat' dir='ltr'>Fratres-sco</span> <span class='ocrx_word' id='word_1_564' title='bbox 1453 3050 1542 3069; x_wconf 54' lang='lat' dir='ltr'>lumin.</span> 
     </span>
    </p>
   </div>
  </div>
 </body>
</html>
