2305 3407
1969 144 2030 176 199

215 271 331 302 mitani
353 270 407 302 del
430 272 588 302 convento
613 270 648 302 di
672 270 704 303 S.
731 270 904 311 Agosttno,
930 271 962 303 ιἰι
987 272 1040 302 cui
1063 279 1162 303 erano
1203 272 1409 304 reverendus
1446 273 1606 305 dominus
1647 275 1808 315 magister
1844 274 1963 307 Petrus
1989 277 2030 308 de

216 332 378 371 Canellis,
405 333 609 364 venerabilis
635 334 729 373 pater
753 341 874 373 regens
900 333 1059 364 dominus
1085 333 1243 374 magister
1268 332 1454 375 Gregorius
1480 335 1521 366 de
1547 334 1800 376 Carmagnolia,
1826 338 2031 369 venerabilis

218 396 322 428 lector
348 395 387 427 D.
413 395 514 426 frater
539 395 751 437 Augustinus
777 395 817 427 de
844 395 1005 433 Arimino,
1032 404 1106 427 ven.
1133 396 1292 436 subprior
1316 395 1417 427 frater
1442 395 1652 437 Seraphinus
1677 398 1718 429 de
1745 401 1864 430 sancto
1891 398 2031 439 Angelo,

217 457 317 489 frater
342 457 502 498 Orpheus
528 457 568 488 de
596 457 766 495 Vercellis,
793 457 892 488 frater
918 455 1104 498 Gregorius
1130 459 1170 489 de
1196 458 1365 490 Veruculo
1384 460 1542 499 magister
1560 460 1674 497 studii,
1695 461 1898 492 venerabilis
1916 470 2032 493 cursor

217 520 316 551 frater
341 519 534 551 Alexander
559 520 600 550 de
628 519 728 550 lanua
753 528 881 557 cursor,
908 519 1007 551 trater
1034 520 1233 551 Laurentius
1258 521 1299 552 de
1327 520 1442 561 Papia,
1469 520 1570 553 frater
1596 521 1812 554 Hieronimus
1831 523 1871 554 de
1898 523 2034 554 Masino

216 583 369 619 studens,
395 581 495 613 trater
521 581 702 622 Philippus
729 582 769 613 de
797 581 993 613 Mediolano
1019 582 1172 620 studens,
1199 582 1298 614 trater
1325 582 1452 614 Paulus
1478 584 1518 614 de
1545 583 1646 615 Ianua
1684 585 1836 621 studens,
1864 585 1964 617 frater
1990 586 2033 617 lo.

218 644 355 677 Gabriel
382 645 422 676 de
449 643 688 685 Carmagnolia
715 645 868 681 studens,
894 644 995 676 frater
1020 644 1232 685 Augustinus
1257 646 1298 676 de
1325 644 1430 686 Papia
1456 647 1487 677 et
1513 646 1613 678 frater
1640 646 1682 678 lo.
1710 646 1878 679 Antonius
1905 648 1945 679 de
1964 648 2037 679 Me-

218 708 355 739 diolano
382 707 533 744 studens,
557 707 613 747 piri
638 707 673 738 cli
696 707 758 738 (Ιιιε
784 708 864 738 serzi
887 707 942 738 del
965 707 1119 748 capitolo,
1144 707 1232 748 sisu
1258 708 1346 739 dalle
1372 708 1433 739 due
1459 709 1624 740 conumitd
1661 718 1703 740 ιιιι
1735 718 1977 750 comprornesso
2003 711 2033 741 in

216 770 437 801 reverendum
465 770 545 800 iuris
572 769 746 809 utriusque
773 769 943 801 doctorem
971 768 1010 800 D.
1039 769 1081 801 lo.
1109 769 1277 811 Aluisium
1305 770 1345 802 de
1375 769 1535 811 Grampis
1553 771 1729 812 collegiate
1755 772 1899 803 ecclesie
1925 774 2033 804 sancti

218 831 357 863 inventii
385 830 488 871 Papie
516 831 759 871 prepositum...
785 840 888 862 causa
915 834 945 862 et
971 832 1151 863 occasione
1177 841 1467 872 quarumcumque
1507 833 1624 871 litium,
1661 843 1852 871 causarum,
1879 834 2033 865 differen-

219 895 336 925 tiarum
363 896 393 924 et
419 894 738 929 controversiarum,
773 893 829 933 fra
855 894 883 924 le
909 894 971 924 due
999 893 1182 929 Comunitci,
1222 895 1367 926 maxime
1409 896 1495 926 circa
1533 896 1668 926 modum
1708 896 1864 927 cantandi
1892 898 1923 927 et
1948 897 2035 928 circa

218 957 314 987 ritum
342 956 446 986 divini
474 956 584 986 cultus
610 958 640 986 et
667 957 923 996 processionum
952 957 982 986 in
1010 956 1159 996 predicta
1186 957 1329 988 ecclesia
1355 958 1390 988 di
1413 957 1446 989 S.
1473 958 1645 997 Agostino.
1672 957 1883 990 Promettono
1901 959 2037 990 distare

218 1018 252 1050 al
275 1019 351 1049 lodo
377 1018 418 1049 ω’
442 1018 510 1048 olla
534 1020 690 1049 serztenzu
731 1017 941 1049 ‹lell'urlu'tro
967 1028 983 1049 e
1009 1019 1043 1049 αἰ·
1066 1027 1130 1049 non
1167 1019 1335 1059 appellare
1371 1020 1414 1051 (la
1451 1020 1540 1051 cletta
1577 1023 1743 1057 sentenza,
1781 1023 1867 1052 sotto
1889 1030 1977 1061 pena
2003 1022 2037 1053 cli

217 1082 285 1112 500
307 1081 407 1115 scuris,
436 1080 480 1111 do
502 1081 643 1120 pugrarsr'
666 1081 752 1111 metri
789 1080 856 1111 ulla
896 1080 1034 1113 Carnem
1060 1081 1253 1120 Apostolr'cu
1279 1091 1295 1112 e
1320 1082 1438 1113 l'altru
1464 1082 1550 1114 metri
1576 1083 1644 1114 alla
1667 1085 1760 1123 parte
1800 1083 1858 1114 che
1894 1083 2034 1114 avrebbe

218 1145 387 1174 osservuta
413 1143 445 1173 la
468 1151 649 1183 promessa.
676 1143 722 1173 La
747 1145 903 1174 senlenzu
928 1143 1007 1174 a'eve
1033 1151 1139 1174 essere
1160 1145 1379 1183 pronuncitita
1405 1146 1493 1175 entro
1519 1153 1561 1175 ιιιι
1587 1153 1682 1180 these,
1710 1154 1763 1175 mu
1789 1146 1819 1176 si
1842 1145 1885 1176 (Ιά
1904 1144 2035 1184 far-olto

219 1205 408 1237 ull'orbi'tro
435 1206 469 1236 di
489 1213 667 1245 prorogare
693 1206 704 1236 ι’
727 1206 855 1237 termini
878 1206 931 1237 del
954 1214 1197 1246 compromesso
1234 1206 1336 1237 semel
1364 1209 1394 1237 et
1421 1207 1557 1247 pluries,
1595 1207 1758 1247 a'atzdogli
1781 1207 1885 1238 anche
1911 1207 2037 1239 l'aztto-

219 1268 280 1299 ritc‘l
306 1268 340 1299 di
363 1268 512 1307 eleggere
537 1269 548 1298 ι’
571 1269 664 1299 notui
688 1268 881 1304 cancellieri,
913 1270 970 1299 etc.
1010 1268 1047 1299 Et
1086 1269 1144 1299 hec
1182 1269 1293 1299 omnia
1332 1269 1511 1300 accedente
1552 1271 1662 1300 tamen
1705 1278 1838 1309 semper
1863 1278 2033 1300 consensu

220 1330 346 1362 Summi
386 1330 560 1361 pontificis
586 1333 617 1361 et
643 1340 700 1361 seu
728 1329 848 1362 Sancte
874 1330 974 1363 Sedis
1000 1330 1197 1370 Apostolice
1223 1340 1261 1362 ac
1288 1329 1436 1371 Capituli
1464 1330 1642 1363 Generalis
1668 1332 1747 1362 dicti
1775 1332 1951 1371 utriusque
1970 1341 2038 1362 mo-

220 1393 354 1424 nasterii
381 1395 548 1433 quatenus
575 1393 762 1432 requiratur
787 1396 817 1424 et
844 1403 908 1424 non
947 1394 1041 1424 aliter
1079 1402 1137 1424 nec
1174 1393 1240 1423 alio
1280 1393 1391 1431 modo,
1418 1396 1448 1424 et
1474 1403 1548 1424 cum
1587 1396 1686 1433 pacto
1713 1403 1753 1425 eo
1780 1394 1811 1424 in
1838 1402 1918 1424 casu
1945 1394 2036 1433 quod

219 1456 351 1496 possint
378 1456 491 1486 haberi
519 1455 625 1486 littere
650 1456 888 1486 confirmantes
915 1456 1109 1487 huiusmodi
1136 1457 1343 1486 contractum
1370 1458 1401 1486 et
1427 1464 1639 1495 quecumque
1677 1458 1834 1487 secutura
1869 1456 1958 1487 illius
1991 1457 2039 1486 vi-

218 1527 308 1559 gore,
335 1527 352 1549 a
379 1518 537 1558 predictis
563 1520 593 1549 et
620 1518 893 1558 quibuscumque
919 1518 1155 1558 superioribus
1180 1518 1222 1549 ad
1250 1526 1337 1558 quos
1363 1520 1504 1558 spectat,
1523 1520 1585 1549 etc.
1602 1517 1820 1549 presentibus
1847 1519 2036 1559 magnificis

219 1582 249 1611 et
275 1580 474 1611 clarissimis
501 1580 520 1611 l.
548 1580 586 1612 U.
614 1580 812 1611 doctoribus
837 1581 985 1611 dominis
1012 1579 1166 1621 Gaspare
1192 1579 1318 1612 Ottono
1345 1583 1375 1612 et
1402 1580 1445 1612 Io.
1473 1580 1678 1612 Francischo
1705 1581 1811 1621 Vegio
1837 1582 1907 1612 iura
1925 1581 2038 1612 civilia

220 1642 353 1683 publice
380 1643 520 1683 legente,
547 1643 727 1683 magnifico
766 1652 903 1683 quoque
941 1643 1079 1673 domino
1117 1643 1312 1674 Hieronimo
1340 1643 1468 1674 Lonato
1495 1641 1644 1675 Cesareo
1681 1645 1849 1675 tassarum
1876 1652 2039 1683 equorum

219 1703 323 1745 Papie
361 1703 570 1736 Comissario
596 1714 634 1736 ac
662 1705 799 1736 multum
827 1705 1007 1745 magnifico
1033 1707 1063 1736 et
1089 1714 1256 1745 generoso
1282 1706 1354 1736 viro
1380 1704 1419 1736 D.
1447 1704 1545 1736 Petro
1565 1705 1768 1737 Francischo
1794 1705 1834 1737 de
1861 1705 2038 1746 Butigellis

217 1766 286 1797 filio
312 1767 482 1806 quondam
509 1767 676 1807 magnifici
703 1766 742 1798 D.
769 1766 928 1805 Duronis,
954 1768 1114 1799 omnibus
1141 1767 1390 1799 habitatoribus
1417 1767 1533 1808 Papie,
1560 1768 1637 1799 inde
1663 1768 1818 1799 testibus.

939 1925 1288 1966 DCCCXCIII.

307 2032 481 2060 Sentenza
507 2033 676 2060 arbitrale
703 2032 783 2061 sull'
801 2033 1047 2061 ordinamento
1073 2034 1164 2062 delle
1191 2034 1347 2062 funzioni
1373 2034 1408 2062 in
1434 2035 1469 2062 S.
1497 2034 1617 2062 Pietro
1643 2035 1677 2062 in
1702 2034 1777 2062 Ciel
1803 2034 1835 2062 d'
1853 2043 1924 2064 oro.

791 2155 941 2187 1541,
1000 2154 1327 2187 ‹noembres9
1360 2156 1459 2181 22.

699 2242 776 2265 (Arch.
793 2242 815 2263 di
831 2242 898 2263 Stato
914 2243 935 2263 di
952 2243 1040 2264 Milano
1056 2254 1081 2257 —
1098 2243 1163 2269 Perg.
1181 2243 1202 2264 di
1218 2243 1241 2264 S.
1258 2243 1337 2264 pietro
1353 2244 1374 2264 in
1391 2243 1438 2264 Ciel
1455 2243 1548 2264 d'oro‘.

281 2427 403 2542 N
461 2444 507 2471 OS
534 2439 700 2471 lohannes
726 2439 888 2481 Aloysius
914 2441 954 2472 de
981 2439 1141 2481 Grampis
1167 2440 1187 2471 l.
1214 2440 1253 2473 U.
1280 2440 1320 2472 D.
1346 2441 1523 2481 collegiate
1564 2440 1705 2471 ecclesie
1746 2440 1852 2471 sancti
1893 2440 2032 2471 lnventii

482 2501 586 2542 Papie
613 2503 817 2543 prepositus,
847 2503 1166 2543 compromissarius
1191 2512 1229 2534 ac
1254 2503 1387 2540 arbiter,
1424 2502 1601 2534 arbitrator
1626 2504 1657 2533 et
1682 2502 1871 2533 amicabilis
1897 2511 2035 2543 compo—

233 2601 278 2603 ΫῙ
479 2565 561 2596 sitor
586 2565 806 2595 communiter
831 2566 863 2595 et
887 2565 1098 2596 concorditer
1122 2565 1260 2596 ellectus
1287 2567 1317 2596 et
1342 2567 1542 2605 assumptus
1568 2573 1625 2604 per
1643 2567 1673 2596 et
1692 2565 1775 2596 inter
1802 2564 2032 2597 Reverendum

216 2629 248 2658 et
272 2627 484 2659 venerabiles
509 2627 667 2658 dominos
694 2625 907 2667 prepositum
934 2629 965 2658 et
990 2625 1186 2659 Canonicos
1212 2627 1384 2667 regulares
1421 2627 1616 2658 monasterii
1655 2627 1761 2658 sancti
1789 2626 1875 2658 Petri
1903 2627 1934 2657 in
1961 2626 2033 2658 celo

217 2698 351 2721 aureo...
378 2698 419 2720 ex
446 2698 522 2727 una,
547 2698 586 2720 ac
613 2688 845 2722 Reverendum
871 2697 909 2720 ac
935 2688 1147 2720 venerabiles
1174 2688 1321 2720 Priorem
1347 2691 1378 2720 et
1402 2689 1521 2720 fratres
1546 2690 1653 2720 sancti
1688 2688 1903 2730 Augustini...
1931 2690 1965 2720 ut
1990 2698 2031 2720 ex

217 2752 439 2783 instrumento
477 2760 546 2792 rog.
583 2760 672 2782 anno
708 2753 739 2782 et
776 2751 958 2782 indictione
983 2760 1079 2791 prox.
1106 2752 1284 2792 preteritis,
1315 2751 1407 2787 1540,
1433 2751 1487 2783 die
1518 2753 1526 2782 l
1558 2751 1758 2785 decembris.
1776 2748 1843 2792 ‘per
1868 2750 1964 2782 Bern.
1991 2751 2032 2781 de

217 2813 247 2845 la
273 2813 357 2854 Ripa
382 2815 413 2845 et
439 2813 482 2845 lo.
509 2813 644 2845 Petrum
672 2813 874 2854 Aplanum...
902 2814 987 2845 visis
1012 2816 1075 2845 etc.
1102 2814 1322 2854 petitionibus
1349 2814 1523 2854 utriusque
1550 2813 1665 2853 partis,
1686 2814 1874 2853 presentato
1891 2812 1949 2844 dai
1967 2811 2032 2844 Ca-

215 2876 325 2907 nonici
346 2876 400 2908 nel
426 2876 511 2908 1540
526 2877 561 2907 αι’
579 2876 619 2908 18
635 2875 796 2907 αίεεηιῦνε
821 2885 837 2907 e
861 2876 946 2907 nello
971 2878 1077 2908 stesso
1099 2877 1217 2916 glorno
1243 2876 1337 2915 dagli
1360 2875 1549 2913 Eremitani,
1574 2876 1812 2915 rappresentoti
1827 2875 1962 2906 r'nnanzi
1985 2874 2033 2905 a!-

216 2937 369 2970 l'arbItro
406 2938 463 2970 dal
493 2938 561 2970 loro
594 2940 804 2979 procuratore
833 2938 923 2979 frate
958 2938 1139 2970 Fortunato
1164 2938 1207 2970 cia
1234 2937 1372 2975 Cerano,
1398 2939 1456 2969 etc.
1482 2939 1541 2969 etc.
1567 2936 1705 2975 Christi,
1742 2938 1803 2968 etc.
1837 2936 2032 2967 nominibus

215 3000 390 3038 invocatis,
417 3000 450 3031 in
477 3000 542 3032 hiis
567 3000 722 3039 dicimus,
748 3001 1023 3041 pronunciamus,
1050 3000 1294 3032 sententiamus
1319 3001 1381 3031 etc.
