2305 3407
298 110 359 142 160

292 244 416 284 quibus
441 245 601 276 omnibus
625 246 762 277 attentis
787 248 818 276 et
843 254 885 277 ex
913 246 998 286 ipsis
1023 246 1108 277 adeo
1134 249 1313 278 exaustum
1340 249 1371 278 et
1396 250 1663 288 conquassatum
1705 249 1865 280 remansit
1903 249 2012 290 ipsum
2039 259 2110 282 mo—

291 307 485 344 nasterium,
512 309 545 338 ut
571 308 685 347 procul
713 307 818 341 dubio
846 309 876 339 in
903 317 943 339 eo
969 308 1173 348 degentibus
1199 318 1264 340 non
1291 310 1334 340 sit
1360 310 1481 341 modus
1506 311 1740 342 alimentorum
1768 320 1876 352 neque
1910 312 2007 343 etiam
2035 313 2108 344 reti-

289 369 391 400 tiendi
418 378 476 400 seu
503 369 642 401 fatiendi
669 371 901 410 reparationes
926 373 1139 411 opportunas
1164 373 1195 402 et
1221 372 1431 403 necessarias
1458 372 1488 403 in
1514 372 1674 404 domibus
1710 373 1863 405 eiusdem
1901 375 2106 412 monasterii,

289 440 354 471 que
381 432 530 472 undique
556 432 658 463 multa
685 432 834 473 indigent
861 433 1082 473 reparatione,
1108 433 1168 464 sed
1195 433 1287 473 quod
1314 434 1422 475 magis
1448 435 1548 475 cogit,
1576 435 1615 467 lie
1642 436 1735 466 ruine
1762 444 1793 466 et
1818 436 2104 476 depopulationes

289 502 354 524 non
381 496 507 525 tantum
535 494 605 525 urbi
633 493 737 535 Papie
764 504 878 526 verum
905 495 1005 526 etiam
1032 496 1091 526 toti
1118 504 1181 526 suo
1196 496 1360 527 districtui
1380 505 1543 529 comunes
1561 500 1592 529 et
1612 500 1769 538 urgentes
1795 497 1898 537 fuere,
1917 508 1958 530 ex
1978 500 2104 539 quibus

287 556 385 587 etiam
411 557 534 587 colloni
562 557 737 594 bonorum,
765 557 908 597 ipsaque
935 557 1034 594 bona,
1061 558 1178 595 bestie,
1204 558 1418 597 cultivantes,
1445 559 1669 600 undecunque
1711 559 1918 598 defecerunt,
1945 561 1988 592 ita
2013 562 2104 601 quod

287 627 352 649 non
380 619 487 650 minor
511 619 607 651 adest
633 619 816 650 difficultas
843 619 874 650 in
900 619 1067 651 collendis
1093 620 1192 652 bonis
1217 629 1318 661 quam
1345 621 1444 652 etiam
1472 622 1502 652 in
1529 622 1675 654 allendis
1701 623 1904 663 degentibus
1930 623 1962 654 in
1988 632 2104 655 mona-

286 681 398 712 sterio.
424 680 530 719 Que...
557 681 599 712 ad
625 690 725 713 aures
751 682 925 713 reverendi
953 680 1062 713 Patris
1088 682 1214 713 domini
1241 691 1335 714 sacre
1360 683 1530 724 theologie
1556 685 1704 726 magistri
1731 684 1842 717 fratris
1870 684 1956 717 Petri
1983 685 2023 717 de
2041 684 2107 718 Ca-

286 743 382 774 nellis
408 742 558 776 Rectoris
584 742 843 775 provincialis...
870 752 998 775 necnon
1026 753 1163 784 quoque
1189 745 1363 776 reverendi
1392 744 1501 777 Patris
1526 755 1621 778 sacre
1659 747 1830 788 theologie
1872 748 2020 788 magistri
2047 748 2106 779 do-

286 806 363 836 mini
391 805 501 837 fratris
527 805 696 837 Francisci
724 804 984 838 Gambasiensis
1010 807 1041 837 in
1069 805 1247 838 Provincia
1273 807 1473 839 Lombardie
1500 809 1605 840 sancti
1632 808 1810 850 Augustini
1831 810 2103 842 reverendissimi

286 866 394 899 Patris
420 866 596 899 Generalis
623 868 762 908 predicti
789 866 929 900 Ordinis
955 868 1089 905 Vicarii,
1116 869 1260 900 deducta
1286 869 1430 901 fuerunt.
1457 869 1572 902 Percio
1597 871 1621 902 il
1643 870 1851 903 Provinctale
1891 880 1951 904 con
1992 872 2104 904 lettera

284 930 362 961 alata
388 930 431 961 cla
459 928 665 970 Castiglione
690 930 714 961 il
735 930 782 962 25
804 939 917 962 marzo
945 931 1032 963 1530
1043 941 1054 968 ,·
1079 931 1121 962 ea'
1143 931 1167 963 il
1198 932 1324 963 Vicarlo
1350 932 1404 964 del
1429 931 1591 965 Gerzerale
1616 942 1676 965 con
1701 934 1813 965 lettera
1851 934 1908 966 dal
1934 934 2101 967 convento

284 992 319 1023 di
343 991 375 1024 S.
402 992 515 1023 Marco
539 993 575 1024 dl
598 992 735 1029 Milarw,
763 993 879 1024 clarata
905 993 929 1024 il
950 994 997 1025 26
1019 1002 1143 1027 marzo,
1169 995 1423 1026 autorizzarono
1449 995 1473 1027 il
1495 998 1654 1027 convento
1679 1004 1699 1027 a
1727 996 1862 1028 vendere
1879 1006 1899 1028 a
1917 995 2102 1029 Secondino

283 1054 415 1086 Bellam'
438 1063 503 1086 una
530 1055 630 1095 vigna
655 1055 690 1087 di
713 1056 996 1096 quarantacinque
1017 1057 1162 1097 perticae
1187 1057 1219 1088 1'sl
1244 1056 1356 1097 Borgo
1381 1058 1500 1089 Naovo
1524 1058 1578 1089 del
1602 1057 1804 1090 Siccoman'o
1826 1067 1886 1099 per
1907 1059 1963 1091 lire
1987 1060 2103 1100 cinqae

282 1126 298 1148 e
323 1125 440 1148 mezzo
465 1117 497 1148 Ia
518 1118 654 1158 pertica,
683 1120 716 1149 ut
741 1126 783 1149 ex
811 1119 964 1158 pecuniis
991 1119 1081 1150 illius
1107 1119 1322 1151 alienationis
1349 1121 1490 1160 possitis
1515 1129 1624 1152 emere
1651 1120 1816 1152 furmenta
1834 1121 2032 1153 cultivantia
2049 1131 2104 1154 ce-

282 1182 370 1211 teras
396 1182 511 1218 terras,
536 1189 628 1212 come
652 1181 755 1212 scrIve
778 1180 802 1212 il
825 1180 1044 1213 ProvincIale.
1071 1181 1098 1212 II
1121 1181 1265 1222 capitolo
1290 1190 1437 1222 approva
1462 1183 1552 1214 cletta
1579 1183 1709 1214 vendita
1727 1192 1744 1214 e
1760 1183 1846 1215 nello
1863 1185 1969 1215 stesso
1984 1184 2102 1224 glomo

282 1242 312 1273 si
328 1241 436 1282 fanno
461 1243 473 1273 i
496 1244 542 1274 tre
566 1243 693 1274 trattati
716 1251 733 1274 e
757 1242 790 1274 Ia
817 1243 948 1274 vendita
973 1242 1154 1283 definitiva.

987 1472 1407 1513 DCCCXXXVI.

371 1588 504 1624 Legato
529 1589 799 1618 testamentario
825 1590 881 1618 del
906 1590 1024 1619 nobile
1051 1591 1141 1619 Gian
1166 1591 1367 1620 Franceseo
1393 1591 1549 1620 Panizza
1575 1601 1594 1620 a
1620 1592 1743 1620 favore
1769 1592 1804 1620 di
1830 1592 1864 1621 S.
1891 1592 2076 1628 Agostino.

948 1712 1087 1737 1530
1097 1728 1111 1743 9
1141 1713 1326 1744 aprile
1337 1729 1350 1743 ,
1379 1713 1432 1738 8.

863 1809 930 1830 Areli.
948 1810 1029 1830 Notar.
1046 1809 1068 1830 di
1086 1809 1164 1830 anin.
1182 1821 1206 1823 ξ
1223 1810 1270 1831 Atti
1288 1810 1309 1830 di
1325 1810 1450 1831 Gerulamu
1467 1810 1532 1831 Rlioi.

348 2003 471 2119 N
528 2020 617 2046 ELLA
643 2024 724 2047 casa
748 2016 802 2047 ciel
825 2018 988 2052 testatore,
1016 2017 1047 2048 in
1073 2016 1272 2048 Parrocclzra
1298 2017 1332 2048 di
1356 2016 1389 2049 S.
1415 2017 1525 2049 Maria
1561 2018 1592 2049 in
1630 2017 1771 2049 Pertica.
1818 2018 2024 2049 Testamento
2049 2017 2103 2049 ael

547 2078 656 2110 nobile
684 2077 770 2111 Gian
795 2079 980 2110 Francesco
1006 2078 1169 2116 Panizza,
1195 2079 1248 2111 del
1264 2079 1306 2120 fu
1335 2079 1421 2112 Gran
1446 2080 1601 2118 Antonio,
1627 2081 1662 2112 sii
1685 2080 1803 2118 Ρανία,
1840 2080 1893 2112 nel
1928 2080 2025 2120 quale
2050 2088 2102 2111 or-

347 2177 364 2178 ἡ
447 2176 466 2177 W
489 2156 519 2177 Ui
548 2141 639 2172 dinat
666 2141 756 2181 quod
784 2141 930 2172 cadaver
954 2150 1051 2172 suum
1079 2141 1262 2182 sepeliatur
1289 2143 1319 2173 in
1346 2142 1491 2174 ecclesia
1518 2143 1624 2174 sancti
1640 2142 1820 2183 Augustini
1837 2141 1973 2183 Papie...
1989 2142 2100 2173 Item...

280 2205 336 2236 dat
361 2207 391 2236 et
418 2204 506 2245 legat
532 2203 786 2235 venerabilibus
811 2204 959 2236 dominis
986 2203 1090 2235 Priori
1118 2206 1149 2235 et
1175 2204 1348 2236 Fratribus
1389 2205 1583 2236 monasterii
1625 2205 1733 2236 sancti
1775 2204 1954 2245 Augustini
1997 2203 2101 2245 Papie

281 2266 421 2299 Ordinis
448 2266 690 2297 Heremitarum
718 2266 822 2297 libras
847 2268 980 2298 centum
1009 2267 1213 2307 imperiales,
1239 2267 1341 2298 semel
1369 2270 1508 2304 tantum,
1535 2276 1595 2307 pro
1621 2267 1731 2298 anima
1758 2268 1868 2308 ipsius
1904 2267 2030 2298 domini
2057 2268 2104 2298 te-

282 2329 452 2360 statoris...
480 2337 628 2369 gravans
654 2328 805 2369 prefatos
832 2329 990 2361 dominos
1018 2329 1165 2361 Priorem
1193 2331 1224 2360 ct
1251 2329 1382 2361 Fratres
1407 2330 1449 2360 ad
1476 2330 1636 2361 celebrari
1664 2329 1856 2361 faciendum
1897 2329 1986 2360 omni
2013 2338 2101 2360 anno

283 2391 313 2422 in
341 2394 540 2431 perpetuum
567 2391 714 2422 officium
743 2401 843 2422 unum
870 2401 887 2423 a
915 2393 1056 2423 mortuis
1081 2401 1155 2423 cum
1183 2392 1297 2423 missis
1323 2392 1501 2423 duodecim
1530 2392 1644 2432 parvis
1685 2400 1745 2432 pro
1771 2392 1882 2422 anima
1909 2391 2018 2431 ipsius
2043 2391 2103 2422 do-

284 2454 361 2484 mini
382 2454 552 2485 testatoris
578 2457 608 2485 et
634 2453 868 2486 defunctorum
896 2464 1044 2486 suorum.
