2305 3407
1920 125 1978 157 281

894 309 1228 350 CMLXXVI
1235 342 1242 349 .

257 420 271 447 1
290 418 535 448 Cor-amissarii
559 417 748 455 apostolici
775 418 978 446 concedono
1004 427 1023 445 a
1049 419 1138 446 frate
1164 418 1310 446 Aurelio
1336 418 1435 446 Reali
1462 419 1505 446 da
1524 418 1659 446 Candia
1685 419 1719 446 di
1737 423 1836 454 poter
1862 419 1981 447 vivere

171 481 258 509 fuori
284 481 338 509 del
364 485 548 512 convento,

771 602 923 634 1560,
955 603 1103 627 sette
1109 604 1294 633 111l)1·e‚
1333 601 1385 627 7.

730 717 807 740 (Arch.
824 717 904 737 Notar.
921 717 942 737 di
959 716 1037 737 Pavia.
1053 728 1078 730 —
1094 717 1138 737 Atti
1155 717 1176 737 di
1194 716 1343 737 Bartolomeo
1359 717 1487 737 Francanii.

185 844 187 898 ν
416 901 580 929 NTONlUS
598 895 780 935 Scaruffus,
804 897 887 938 juris
907 898 1080 937 utriusque
1107 897 1233 935 doctor,
1248 897 1456 937 episcopalis
1482 896 1582 929 Curie
1601 899 1775 938 papiensis
1795 899 1940 929 vicarius
1954 901 1985 930 et

185 961 186 998 l
253 958 266 1000 ζ
312 920 339 1001 ἱ
405 985 406 992 ,
435 960 666 991 locumtenens
684 960 853 1001 generalis
871 960 1075 991 substitutus
1102 969 1161 1000 pro
1188 959 1325 992 Revmo
1344 963 1375 991 et
1391 960 1493 991 lll.mo
1510 959 1547 991 D.
1564 960 1604 992 D.
1618 960 1768 1002 Johanne
1789 961 1984 993 Hieronimo

184 999 186 1052 l
348 1058 355 1059 ἶ
373 1029 406 1059 7³
434 1023 475 1054 de
501 1022 626 1056 Rubeis
652 1022 711 1054 Dei
738 1025 769 1054 et
794 1021 991 1063 Apostoliee
1017 1021 1115 1054 Sedis
1141 1023 1247 1063 gratia
1273 1023 1437 1063 episcopo
1464 1024 1628 1063 papiense
1654 1026 1684 1055 et
1709 1025 1840 1061 comite,
1859 1034 1897 1056 ac
1925 1026 1985 1056 do-

169 1086 279 1117 minus
305 1085 518 1116 Hieronimus
545 1085 693 1122 Ultrana,
719 1085 802 1126 juris
827 1085 980 1116 canonici
1008 1085 1144 1125 peritus,
1160 1085 1328 1124 antiquior
1346 1085 1486 1116 ecclesie
1505 1086 1720 1117 cathedrallis
1739 1087 1923 1126 papiensis,
1943 1088 1986 1118 ob

167 1148 354 1179 absentiam
380 1150 411 1179 et
437 1148 676 1188 impedimenta
703 1148 959 1178 reverendorum
987 1146 1026 1178 D.
1046 1146 1085 1178 D.
1104 1147 1255 1178 eiusdem
1275 1143 1606 1187 ecclesie'prepositi,
1625 1148 1864 1186 archidiaconi,
1879 1149 1987 1180 archi-

168 1210 354 1250 presbiteri,
380 1211 526 1241 cantoris
552 1212 583 1241 et
614 1210 752 1241 alterius
785 1210 937 1241 canonici
972 1210 1185 1249 antiquioris,
1211 1210 1405 1247 canonicus,
1432 1210 1570 1241 ellectus
1603 1212 1665 1241 etc.
1693 1219 1751 1241 nec
1779 1220 1844 1241 non
1871 1214 1902 1242 et
1935 1221 1984 1243 re-

168 1272 337 1303 verendus
354 1272 452 1303 frater
470 1272 633 1303 Nicolaus
659 1272 700 1303 de
727 1271 831 1312 Papia
858 1272 1016 1312 subprior
1041 1272 1082 1302 ad
1110 1280 1251 1312 presens
1277 1272 1469 1302 monasterii
1497 1273 1602 1303 sancti
1630 1271 1809 1313 Augustini
1838 1273 1986 1305 Heremi-

167 1336 273 1366 tarun
301 1334 414 1375 Papie,
440 1344 458 1366 a
484 1335 669 1366 reverendo
706 1335 843 1365 domino
873 1335 952 1365 dicti
988 1335 1181 1365 monasterii
1217 1333 1330 1365 Priore
1357 1334 1548 1374 specialiter
1574 1335 1828 1375 subdelegatus,
1857 1336 1986 1367 iudices

168 1397 199 1428 in
226 1397 287 1428 hac
315 1399 406 1437 parte
432 1400 463 1428 et
482 1395 714 1428 Commissarii
741 1397 918 1436 apostolici
946 1406 986 1427 ex
1013 1396 1203 1436 apostolico
1230 1396 1413 1436 diplomate
1441 1397 1471 1427 in
1491 1396 1628 1427 casibus
1662 1401 1692 1428 et
1717 1398 1831 1428 causis
1849 1402 1987 1438 aposta*

166 1461 273 1490 tarum
289 1461 319 1490 et
334 1459 582 1496 translatorum,
599 1468 657 1499 per
675 1457 935 1490 Sanctissimum
951 1459 1124 1489 dominum
1145 1460 1295 1490 nostrum
1312 1458 1485 1489 dominum
1512 1458 1606 1489 Pium
1627 1459 1741 1490 divina
1776 1460 1986 1499 providentia

168 1520 295 1562 Papam
321 1520 483 1559 Quartum
510 1521 600 1552 edito
627 1521 690 1552 sub
716 1521 794 1552 data
821 1520 924 1554 Rome
942 1521 1034 1561 apud
1065 1523 1219 1552 sanctum
1246 1520 1389 1556 Petrum,
1411 1521 1506 1552 tertio
1541 1530 1648 1552 nonas
1681 1521 1798 1561 aprilis
1832 1523 1984 1562 proxime

168 1584 326 1624 preteriti,
346 1584 466 1615 dilecto
492 1584 591 1614 nobis
616 1584 648 1614 in
675 1582 810 1615 Christo
836 1582 972 1614 Aurelio
999 1583 1040 1614 cle
1067 1582 1226 1615 Realibus
1252 1583 1293 1614 de
1318 1581 1450 1615 Candia
1476 1582 1565 1614 fratri
1586 1582 1725 1615 Ordinis
1744 1583 1986 1616 Heremitarum

169 1647 275 1688 sancti
301 1645 480 1686 Augustini
507 1645 622 1686 Papie,
649 1646 790 1677 salutem
818 1646 848 1676 in
879 1644 1037 1676 Domino.

256 1708 347 1740 Visis
373 1709 404 1739 in
431 1709 547 1749 primis
567 1717 624 1748 per
643 1717 704 1739 nos
730 1708 819 1739 dicto
837 1708 1021 1748 diplomate
1040 1710 1071 1739 et
1091 1708 1180 1739 illius
1200 1710 1412 1748 transumpto
1430 1717 1467 1739 ac
1487 1708 1604 1739 litteris
1622 1708 1804 1739 editalibus
1823 1718 1882 1749 pro
1899 1709 1988 1741 illius

168 1771 363 1812 diplomatis
388 1771 633 1811 exequucione,
659 1770 769 1801 valvis
794 1771 939 1802 ecclesie
966 1771 1103 1802 maioris
1123 1769 1228 1810 Papie
1254 1772 1285 1801 et
1311 1771 1342 1801 in
1369 1770 1568 1801 cancellaria
1594 1771 1782 1811 episcopali
1816 1771 1929 1803 affixis
1958 1774 1989 1803 et

167 1833 329 1871 dimissis,
355 1842 496 1873 quarum
523 1835 616 1864 tenor
642 1833 695 1864 hic
722 1842 782 1873 pro
808 1832 1015 1864 sufficienter
1040 1841 1207 1873 expresso
1234 1833 1406 1864 habeatur.

257 1895 348 1926 Visis
375 1895 451 1926 item
477 1895 731 1935 cmnparitione,
750 1895 970 1934 requisitione
997 1903 1035 1926 ac
1068 1895 1187 1925 iuriuin
1215 1895 1436 1935 productione
1467 1903 1524 1935 per
1543 1897 1573 1926 te
1604 1895 1795 1926 intermino
1825 1896 1988 1927 dictarum

170 1957 349 1988 litterarum
375 1957 547 1988 editalium
574 1956 672 1988 factis
697 1957 822 1988 tenoris
848 1957 1041 1987 huiusmodi
1068 1956 1241 1988 videlicet:

258 2018 381 2051 Coram
418 2019 516 2050 vobis
554 2019 738 2050 reverendo
765 2018 804 2050 D.
830 2018 977 2050 Antonio
1014 2017 1208 2050 Scaruft'o....
1234 2019 1421 2059 comparuit
1459 2019 1662 2050 venerabilis
1699 2019 1858 2050 dominus
1891 2019 1989 2051 frater

171 2082 326 2113 Aurelius
351 2082 391 2112 de
417 2081 576 2114 Realibus
601 2082 642 2112 de
669 2079 928 2118 Candia,frate1·
953 2082 1032 2112 olim
1058 2080 1196 2113 Ordinis
1223 2080 1371 2112 Fratrum
1398 2081 1639 2112 Heremitarum
1665 2082 1772 2112 sancti
1803 2081 1982 2122 Augustini

170 2144 286 2185 Papie,
313 2153 399 2175 nunc
425 2146 534 2175 autem
561 2145 732 2183 tamquam
759 2143 923 2183 presbiter
948 2143 1110 2174 secularis
1135 2145 1230 2174 extra
1255 2143 1378 2173 domus
1403 2143 1481 2174 dicti
1508 2142 1647 2174 Ordinis
1673 2143 1811 2183 degens,
1838 2144 1987 2175 habitum

170 2210 280 2239 tamen
306 2207 490 2247 regularem
517 2206 581 2237 sub
608 2207 759 2237 honestis
786 2206 939 2237 vestibus
965 2206 1178 2237 secularibus
1203 2207 1329 2236 secrete
1355 2204 1511 2236 deferens
1545 2214 1604 2245 pro
1629 2205 1789 2236 evitando
1815 2206 1988 2243 scandalo,

171 2269 400 2309 exposuitque
426 2268 517 2308 quod
545 2268 616 2308 ipse
642 2267 727 2298 alias
752 2269 783 2298 et
807 2267 886 2298 dum
914 2267 945 2298 in
972 2267 1122 2307 predicto
1149 2267 1352 2298 monasterio
1378 2268 1478 2303 esset,
1498 2267 1695 2306 supervenit
1713 2267 1744 2297 in
1770 2276 1844 2297 eum
1863 2269 1988 2308 gravis,

171 2331 303 2362 occulta
328 2332 450 2367 tamen,
476 2330 661 2367 infirmitas,
688 2329 847 2360 videlicet
876 2331 1051 2369 aperture;
1078 2330 1285 2369 quapropter
1309 2328 1462 2359 adhibito
1489 2328 1694 2359 medicorum
1721 2329 1848 2365 iuditio,
1868 2329 1988 2361 videns

172 2401 208 2425 se
226 2402 291 2424 non
317 2401 431 2433 posse,
457 2392 588 2432 absque
615 2392 680 2422 vite
707 2391 867 2431 periculo,
884 2391 915 2422 in
935 2391 1024 2422 dicto
1051 2391 1254 2422 monasterio
1274 2390 1401 2421 diutius
1420 2390 1550 2427 morari,
1566 2388 1686 2422 Sancte
1705 2389 1783 2422 Sedi
1802 2391 1988 2431 apostolice

172 2455 364 2495 supplicare
389 2456 527 2485 coactus
552 2453 613 2484 fuit
639 2456 672 2485 ut
697 2453 773 2491 sibi,
792 2462 858 2484 ecc.
885 2450 1027 2491 (ricordrl
1052 2453 1109 2492 qui
1132 2451 1161 2483 le
1185 2452 1338 2492 dsspense
1363 2453 1505 2483 ottenute
1530 2452 1565 2482 cii
1588 2452 1641 2483 cui
1666 2452 1739 2483 vetii
1762 2452 1786 2483 il
1808 2452 1881 2484 doc.
1899 2452 1989 2493 degli

172 2517 195 2549 8
213 2517 340 2557 giugno
369 2516 462 2553 1535,
488 2525 505 2547 e
529 2516 616 2547 detto
642 2515 700 2547 clze
732 2516 763 2547 in
788 2515 916 2555 segutto
942 2524 962 2546 ιι
988 2515 1037 2546 εἰῶ
1070 2514 1136 2553 egli
1159 2514 1230 2545 πει-ἱ
1261 2513 1319 2545 dal
1342 2515 1499 2545 convento
1532 2514 1702 2553 aggiunge
1727 2512 1800 2554 clze)
1830 2516 1987 2547 continue

172 2579 203 2610 in
229 2578 343 2610 seculo
370 2579 564 2618 permansit,
590 2579 621 2609 in
648 2578 749 2609 domo
774 2580 884 2609 tamen
911 2578 1052 2608 honesta
1085 2579 1116 2608 et
1149 2577 1238 2607 dicto
1273 2577 1478 2608 monasterio
1505 2576 1708 2616 propinqua,
1735 2577 1766 2607 in
1794 2585 1859 2616 qua
1885 2578 1984 2608 etiam

172 2642 343 2681 permanet
369 2640 409 2672 de
436 2641 615 2681 presenti...
634 2643 665 2672 et
684 2640 774 2681 quod
802 2640 889 2671 dicta
909 2640 1084 2670 infirmitas
1102 2641 1256 2679 aperture
1275 2638 1471 2670 incurabilis
1489 2638 1600 2669 adhue
1619 2638 1650 2668 in
1669 2647 1743 2669 eum
1770 2638 1866 2670 durat
1883 2638 1989 2678 (come

173 2702 264 2734 dalla
287 2702 363 2741 fede
387 2702 422 2733 dl
444 2702 507 2734 due
538 2702 682 2743 chirurgi
711 2703 742 2734 si
765 2699 948 2740 (innostra),
977 2702 1053 2740 imo,
1080 2701 1171 2741 quod
1192 2701 1288 2741 peius
1313 2703 1374 2738 est,
1402 2701 1432 2731 in
1459 2709 1533 2731 eum
1560 2701 1756 2740 supervenit
1781 2701 1934 2741 chiragra
1959 2704 1989 2732 et

173 2764 335 2805 podagra,
362 2764 488 2804 quibus
513 2764 652 2796 multum
678 2764 882 2805 affligitur....
911 2764 994 2795 ultra
1021 2763 1113 2803 quod
1140 2764 1191 2794 est
1217 2763 1497 2803 septuagenarius
1522 2764 1553 2793 et
1579 2763 1726 2794 diversis
1751 2762 1826 2794 aliis
1853 2763 1987 2794 infirmi-

174 2825 300 2858 tatibus
325 2826 532 2858 subiectus...
559 2835 661 2866 quare
687 2827 768 2867 petit
793 2829 823 2857 et
849 2826 1018 2866 requirit...
1044 2834 1063 2856 a
1089 2825 1188 2856 vobis
1203 2824 1399 2856 declarari...
1426 2832 1462 2855 se
1488 2833 1554 2855 non
1580 2833 1657 2856 esse
1683 2825 1854 2856 astrictum
1881 2825 1923 2855 ad
1944 2834 1991 2855 re-

176 2887 346 2919 deundum
372 2888 413 2919 ad
444 2888 640 2929 religionem
667 2890 750 2920 etc...

263 2948 340 2981 item
368 2950 453 2981 visis
479 2950 609 2981 iuribus
634 2959 693 2990 per
717 2952 748 2981 te
774 2951 807 2981 ut
833 2958 937 2990 supra
963 2948 1126 2980 exhibitis
1151 2950 1181 2979 et
1207 2947 1415 2988 productis...
1441 2948 1520 2988 quia
1538 2947 1670 2979 nobis...
1697 2949 1830 2979 constat
1856 2948 1991 2978 infirmi-

1960 3014 1987 3037 36
