2305 3407
287 150 350 182 186

1001 331 1085 372 DC
1093 330 1381 372 CCLXXII.

370 443 397 470 Il
424 442 546 470 Priore
572 442 745 470 Generale
772 442 860 469 frate
887 441 976 469 Gian
1002 441 1156 469 Antonio
1183 440 1334 469 Teatino
1360 440 1541 469 autorizza
1568 441 1590 469 il
1618 441 1777 478 Capitolo
1805 442 1838 470 di
1866 442 1901 471 S.
1928 442 2103 478 Agostino

282 505 301 524 a
328 497 401 524 sare
427 505 494 524 una
520 496 672 526 vendita,

863 590 1024 621 15:38,
1059 592 1407 621 settennu-e‚
1438 591 1528 616 26.

807 679 877 702 (Arcli
910 679 991 700 Notnr.
1008 679 1030 699 di
1047 678 1125 699 Paria⁴
1151 690 1174 692 —
1191 679 1239 699 Atti
1256 678 1277 699 di
1294 678 1352 699 Gian
1369 678 1447 700 Pieiro
1463 679 1579 705 Appiani)

371 864 458 981 F
532 883 652 911 RATER
678 878 846 909 lohannes
872 877 1042 909 Antonius
1068 877 1222 918 Apruzzo
1250 877 1450 914 Tlieatinus,
1491 876 1630 909 Ordinis
1657 877 1876 909 Eremitarum
1904 878 2011 909 sancti
2039 877 2107 909 Au-

553 941 678 982 gustini
707 940 802 971 Prior
827 938 1005 972 Generalis
1032 940 1105 971 licet
1133 940 1304 980 indignus,
1343 941 1512 972 universis
1538 943 1569 972 et
1595 941 1739 981 singulis
1782 940 1940 973 Patribus
1965 950 2003 972 ac
2030 941 2107 972 Fra-

553 1005 662 1036 tribus
687 1004 791 1035 nostri
819 1003 996 1044 papiensis
1022 1001 1223 1034 Conventus
1248 1003 1391 1034 salutem
1418 1006 1448 1035 et
1473 1003 1689 1043 tranquillam
1717 1012 1845 1044 pacem.

374 1068 543 1108 Exposuit
571 1068 669 1098 nobis
697 1066 902 1098 venerabilis
929 1066 1089 1107 magister
1114 1065 1326 1105 Augustinus
1354 1064 1640 1103 Pedemontanus,
1667 1066 1813 1097 vicarius
1840 1069 1953 1097 noster
1979 1066 2010 1097 in
2038 1075 2108 1097 mo-

285 1131 432 1161 nasterio
458 1131 564 1161 sancti
592 1129 772 1170 Augustini
801 1127 937 1169 Papiae,
974 1128 1059 1159 alias
1096 1130 1298 1160 testamento
1336 1128 1445 1169 legata
1483 1127 1589 1159 fuisse
1628 1128 1833 1159 monasterio
1860 1130 1975 1159 nostro
2001 1128 2106 1159 sancti

286 1192 467 1233 Augustini
495 1193 583 1224 bona
610 1192 788 1224 cuiusdam
817 1191 941 1223 nobilis
967 1191 1053 1222 civis
1079 1191 1256 1231 papiensis
1281 1191 1408 1222 domini
1436 1191 1572 1222 Martini
1600 1191 1640 1222 de
1666 1189 1840 1223 Scanzolis
1877 1191 1949 1222 sive
1975 1191 2016 1222 de
2044 1190 2109 1222 Bo-

286 1256 382 1292 netis,
410 1256 551 1287 iacentia
579 1256 609 1286 in
637 1255 802 1286 territorio
829 1254 984 1294 papiensi
1014 1254 1097 1284 ultra
1125 1252 1265 1291 Padum,
1293 1253 1348 1284 ubi
1375 1253 1496 1284 dicitur
1522 1253 1553 1284 in
1580 1252 1760 1291 Butfalora‚
1799 1262 1903 1294 prope
1929 1253 2106 1284 ecclesiam

286 1319 393 1349 sancti
421 1316 584 1358 Cipriani.
611 1316 706 1355 Quae
733 1318 822 1348 bona
849 1319 985 1357 propter
1010 1316 1097 1348 bella
1125 1318 1156 1347 et
1183 1316 1394 1347 calamitates
1435 1325 1522 1356 quae
1559 1316 1754 1347 acciderunt
1779 1318 1810 1347 et
1835 1316 1934 1347 etiam
1973 1317 2109 1356 propter

286 1380 361 1411 lites
387 1381 428 1411 de
455 1380 649 1411 huiusmodi
678 1380 777 1410 bonis
803 1379 921 1415 factas,
948 1379 1011 1409 iam
1051 1388 1108 1419 per
1139 1378 1338 1410 decennium
1366 1380 1398 1409 et
1424 1378 1507 1409 ultra
1534 1380 1764 1409 remanserunt
1791 1378 1914 1409 inculta
1940 1379 1971 1409 et
1997 1377 2109 1409 nullus

285 1442 415 1474 tructus
443 1442 518 1473 inde
546 1443 697 1482 pervenit
723 1442 765 1472 ad
792 1441 1043 1477 monasterium,
1070 1441 1101 1471 in
1128 1441 1320 1472 evidentem
1349 1441 1508 1472 iacturam
1537 1441 1656 1480 ipsius.
1694 1438 1806 1477 Quare
1833 1440 2040 1480 supplicavit
2065 1448 2106 1470 ex

286 1508 379 1545 parte
407 1505 510 1535 totius
536 1505 743 1540 monasterii,
771 1506 803 1535 ut
829 1504 1044 1544 dignaremur
1070 1503 1262 1534 facultatem
1289 1503 1368 1534 dare
1393 1505 1423 1534 et
1449 1511 1628 1534 assensum
1656 1504 1806 1533 nostrum
1834 1502 2006 1542 praebere.
2026 1510 2108 1542 qua-

286 1571 384 1598 tenus
412 1567 465 1598 illa
493 1567 580 1597 bona
608 1567 832 1598 venderentur
857 1566 1061 1606 competenti
1089 1566 1206 1605 pretio,
1233 1568 1265 1597 et
1290 1566 1331 1597 de
1358 1566 1553 1597 huiusmodi
1580 1566 1689 1606 pretio
1707 1565 1798 1596 aliud
1819 1565 1993 1605 praedium
2020 1573 2108 1596 eme-

287 1634 376 1660 retur
401 1630 473 1660 sive
501 1630 531 1660 in
558 1629 650 1660 aliud
677 1630 947 1666 commutaretur,
990 1628 1080 1668 quod
1122 1628 1297 1659 evidenter
1322 1628 1420 1659 cedat
1447 1628 1476 1658 in
1505 1627 1679 1659 utilitatem
1722 1627 1927 1658 monasterii.
1954 1626 2026 1657 Nos
2051 1626 2108 1666 qui

288 1691 473 1731 Religionis
500 1694 634 1722 nostrae
661 1694 691 1722 et
719 1691 898 1731 praecipue
941 1691 1133 1721 monasterii
1162 1691 1281 1731 ipsius,
1309 1690 1363 1721 ubi
1392 1691 1597 1721 sanctissimi
1640 1689 1749 1721 Patris
1787 1690 1889 1720 nostri
1928 1688 2108 1729 Augustini

288 1764 367 1786 ossa
393 1755 581 1795 quiescunt,
609 1755 696 1785 bona
723 1755 879 1794 cupimus
906 1755 936 1784 in
965 1753 1084 1784 melius
1111 1753 1312 1793 promoveri,
1340 1753 1440 1784 liuius
1465 1753 1705 1793 supplicationi
1732 1752 1912 1783 annuimus
1931 1754 2031 1791 atque
2056 1759 2110 1782 as-

289 1826 425 1848 sensum
454 1820 604 1848 nostrum
633 1817 845 1857 praebemus,
874 1816 974 1847 modo
1000 1815 1140 1846 accedat
1166 1815 1384 1855 Apostolicae
1425 1814 1524 1847 Sedis
1561 1823 1751 1846 consensus
1788 1816 1888 1854 atque
1913 1814 2107 1845 auctoritas.

289 1880 327 1911 Et
354 1881 416 1911 lioc
443 1881 473 1911 in
501 1880 634 1910 nomine
661 1879 770 1911 Patris
796 1881 827 1910 et
854 1878 925 1909 Filii
953 1880 983 1910 et
1011 1877 1158 1918 Spiritus
1184 1877 1307 1915 Sancti,
1333 1887 1441 1909 amen.
1468 1878 1584 1909 Valete
1611 1878 1641 1908 in
1670 1876 1826 1908 Domino.
1869 1876 1944 1907 Dat.
1972 1875 2108 1912 Romae,

288 1943 330 1973 26
355 1942 568 1982 septembris,
595 1940 841 1977 MDXXXVlll,
868 1941 971 1972 nostri
998 1940 1099 1971 officii
1119 1940 1183 1971 sub
1202 1939 1325 1981 sigillo.
1353 1939 1464 1970 Frater
1483 1939 1525 1970 10.
1546 1938 1714 1970 Antonius
1740 1938 1834 1969 Prior
1852 1937 2030 1970 Generalis
2047 1934 2107 1976 (1).

995 2141 1404 2183 DCCCLXXIII.

376 2254 403 2281 11
430 2253 585 2282 Comune
611 2253 646 2281 di
673 2253 849 2281 Piacenza
875 2252 1111 2281 raceomanda
1137 2261 1182 2280 un
1208 2251 1443 2287 Agostiniano
1469 2250 1616 2278 infermo
1642 2250 1675 2277 al
1702 2250 1856 2278 Comune
1882 2248 1916 2277 di
1943 2247 2068 2276 Pavia.

874 2373 1034 2403 1538,
1067 2374 1411 2403 110xverrnlu⁴e9
1444 2372 1534 2397 27.

730 2462 808 2483 (Ascli.
825 2462 860 2483 del
877 2462 962 2483 Museo
977 2461 1027 2483 civ.
1044 2462 1065 2482 di
1082 2461 1143 2482 sior.
1161 2461 1222 2482 Patr.
1240 2461 1261 2481 di
1279 2460 1356 2482 Pavia.
1373 2472 1398 2475 —
1414 2461 1488 2482 Paccu
1504 2460 1639 2486 Religioni*

307 2688 308 2691 ,
348 2645 493 2760 M
537 2662 695 2691 AGNlFlCl
723 2662 894 2698 tamquam
922 2658 1039 2689 fratres
1067 2658 1265 2689 honorandi.

307 2710 308 2713 Ἴ
648 2720 697 2752 Da
726 2720 843 2751 Parma
871 2721 901 2751 in
929 2729 994 2760 qua
1021 2720 1037 2751 e
1063 2722 1151 2751 stato
1176 2720 1338 2751 condutto
1365 2728 1406 2750 un
1434 2727 1562 2759 povero
1600 2718 1682 2750 frate
1719 2718 1911 2749 vercelesco
1937 2718 1978 2748 de
2012 2715 2109 2749 l'Or-

307 2766 308 2816 ἔ
559 2784 635 2814 dine
662 2783 702 2814 de
728 2784 826 2815 santo
852 2782 1029 2823 Agostino,
1069 2782 1154 2813 alias
1195 2782 1309 2813 buono
1347 2780 1594 2822 predicator‘in
1622 2780 1737 2813 Roma.
1764 2780 1821 2811 Nla
1847 2780 1876 2811 al
1904 2782 2017 2820 tempo
2054 2779 2107 2811 del

290 2847 394 2878 saclio
420 2846 452 2877 di
481 2845 585 2878 Roma
624 2854 682 2886 per
708 2845 727 2876 il
754 2845 867 2877 furore
903 2845 944 2876 de
982 2844 1105 2876 soldati
1132 2846 1162 2875 et
1188 2845 1306 2875 timore
1332 2843 1494 2879 cli’ebbe,
1533 2851 1630 2883 perse
1668 2842 1686 2873 l'
1703 2842 1864 2874 intelletto
1889 2851 1906 2873 e
1933 2842 2109 2874 massima-

346 3001 376 3025 (1)
392 3001 475 3022 L'atto
491 3001 502 3022 ὲ
518 3001 539 3021 in
555 3001 666 3027 originale
682 3006 724 3022 con
741 3001 806 3022 firma
821 3000 945 3027 autograta
961 3007 972 3022 e
987 3006 1030 3022 con
1047 3001 1174 3021 bellissimo
1230 3000 1313 3026 sigillo.
1330 3000 1386 3021 Vedi
1403 3000 1460 3021 nelle
1476 3002 1531 3021 note
1546 3000 1567 3020 al
1583 2999 1725 3021 documento
1740 2999 1800 3025 degli
1815 2999 1828 3020 8
1843 2998 1948 3020 lebbraio
1965 2998 2022 3020 1539.
