2305 3407
288 155 348 186 114

980 338 1404 379 DCCLXXXIV.

1970 387 1977 402 ἱ

372 446 386 474 1
411 446 549 482 coniugi
575 447 736 475 Losenzo
761 455 779 475 e
805 447 982 483 Filippina
1020 447 1148 475 Strada
1185 447 1358 476 dedicatio
1384 448 1422 476 se
1449 448 1490 476 ed
1517 448 1526 475 i
1552 449 1670 485 propri
1696 449 1774 477 beni
1801 449 1834 477 al
1861 449 2042 479 Convento
2067 451 2102 479 di

285 500 319 528 S.
347 500 526 535 Agostino.

930 595 1076 627 1521,
1109 596 1319 628 ‘spx-ne,
1352 596 1442 622 29.

848 683 926 706 (Arch.
943 683 1023 703 Notar.
1040 683 1061 704 di
1079 683 1148 704 Pavia
1206 684 1253 704 Atti
1269 684 1291 704 dl
1309 684 1409 709 ippolito
1426 685 1544 708 'sacconil

354 869 475 983 N
531 887 572 912 EL
597 881 740 922 capitolo
766 881 800 913 di
825 881 856 914 S.
884 882 1058 921 Agostitzo.
1102 881 1272 913 Providus
1301 883 1350 913 vir
1375 883 1535 915 dominus
1577 883 1775 915 Laurentius
1801 885 1842 916 de
1868 883 1988 922 Strata,
2015 885 2104 917 filius

553 943 723 983 quondam
765 944 890 974 domini
933 943 1140 980 Vescontini‚
1166 945 1251 975 civis
1277 947 1308 975 et
1335 945 1439 976 laicus
1481 946 1666 986 papiensis,
1708 947 1954 986 presentialiter
1979 956 2104 978 moram

419 1042 441 1043 ἶ
513 1041 518 1042 ⁷
551 1006 688 1037 trahens
716 1006 746 1036 in
774 1008 858 1036 terra
885 1004 1062 1037 Garlaschi
1092 1006 1275 1038 Lumelline
1301 1005 1492 1039 Comitatus
1520 1007 1634 1049 Papie‚
1661 1018 1724 1040 suo
1751 1010 1888 1049 proprio
1907 1011 2042 1041 nomine
2067 1019 2105 1041 ac

286 1070 418 1100 nomine
443 1073 474 1100 et
501 1069 572 1099 vice
599 1069 734 1099 domine
761 1067 954 1108 philippino
979 1069 1020 1099 de
1048 1068 1164 1099 Balbis
1190 1070 1263 1100 eius
1291 1071 1451 1101 uxoris...
1478 1071 1697 1111 solempniter
1713 1073 1885 1112 promissit
1899 1075 1930 1103 et
1948 1073 2105 1104 convenit

283 1141 321 1162 ac
347 1132 508 1172 promittit
534 1134 565 1162 et
591 1131 750 1162 convenit
776 1130 1001 1170 infrascriptis
1027 1131 1174 1162 dominis
1213 1131 1317 1163 Priori
1344 1135 1375 1164 et
1402 1132 1572 1164 Fratribus
1598 1137 1629 1165 et
1655 1133 1892 1166 Conventui....
1931 1135 2049 1166 volens
2075 1137 2106 1166 et

284 1195 462 1226 intendens
488 1197 657 1234 tamquam
685 1194 824 1225 orbatus
850 1194 927 1225 filiis
953 1202 1029 1225 sese
1054 1196 1085 1225 et
1112 1195 1199 1225 bona
1226 1203 1286 1226 sua
1313 1195 1411 1226 alicui
1439 1197 1643 1227 monasterio
1670 1205 1729 1228 seu
1756 1197 1907 1237 religioni
1934 1197 2050 1228 offerre
2076 1200 2107 1229 et

286 1257 488 1287 dedicare...
516 1256 555 1287 Et
581 1256 760 1296 plurimum
788 1256 946 1296 dilligens
974 1255 1180 1297 Religionem
1209 1257 1452 1289 Heremitaruin
1479 1259 1546 1289 divi
1576 1258 1754 1299 Augustini
1781 1262 1812 1290 et
1838 1260 2011 1299 presertim
2039 1268 2108 1291 mo-

285 1319 466 1350 nasterium
493 1321 523 1349 et
550 1317 765 1351 Conventuin
793 1318 898 1349 saneti
927 1317 1106 1359 Augustini
1135 1318 1250 1359 papie,
1277 1318 1416 1351 Ordinis
1444 1320 1685 1352 Heremitarum
1723 1321 1875 1361 predicti,
1914 1322 2003 1353 bono
2039 1321 2108 1362 spi-

286 1382 346 1411 ritu
376 1381 560 1420 inspiratus
586 1389 623 1411 ac
650 1380 721 1411 zelo
748 1383 779 1411 et
804 1389 917 1411 amore
944 1390 1042 1420 quem
1069 1382 1153 1421 gerit
1178 1390 1256 1422 erga
1284 1381 1414 1413 Fratres
1441 1383 1549 1422 ipsius
1583 1381 1783 1415 Conventus
1808 1386 1839 1414 et
1865 1383 1942 1414 dicti
1959 1382 2107 1420 Ordinis,

284 1443 405 1473 obtulit
432 1446 462 1473 et
489 1443 659 1474 dedicavit
685 1451 722 1473 ac
748 1442 845 1474 offert
870 1446 900 1473 et
926 1443 1062 1474 dedicat
1088 1452 1123 1474 se
1150 1448 1180 1474 et
1206 1444 1328 1475 dictam
1355 1445 1428 1476 eius
1455 1454 1593 1475 uxorem
1621 1448 1652 1476 et
1677 1446 1790 1476 omnia
1816 1454 1930 1477 eorum
1957 1448 1988 1477 et
2007 1446 2109 1477 utriu-

284 1514 368 1544 sque
395 1506 544 1545 ipsorum
589 1505 677 1536 bona
720 1505 936 1535 immobilia...
963 1505 1006 1536 ab
1033 1506 1132 1536 bodie
1161 1506 1190 1536 in
1217 1509 1326 1543 antea,
1366 1515 1473 1547 usque
1501 1508 1531 1538 in
1559 1510 1767 1547 perpetuum,
1806 1508 1989 1539 reverendo
2016 1516 2110 1539 sacre

285 1567 405 1607 pagine
433 1566 616 1607 professori
655 1567 793 1597 domino
833 1568 993 1607 magistro
1032 1566 1130 1598 Petro
1157 1568 1197 1598 de
1224 1567 1450 1606 Castronovo,
1489 1568 1593 1600 Priori
1621 1569 1738 1609 prefati
1777 1570 2003 1601 monasterii...
2030 1569 2110 1601 Pro-

284 1630 417 1659 mittens
444 1629 595 1669 prefatus
621 1629 779 1659 dominus
807 1629 1016 1667 Laurentius,
1043 1638 1106 1660 suo
1133 1633 1163 1661 et
1189 1631 1278 1661 dicto
1305 1632 1472 1662 nomine...
1514 1631 1652 1671 prefatis
1693 1632 1840 1663 dominis
1882 1631 1998 1669 Priori,
2034 1632 2109 1663 Fra-

285 1692 391 1722 tribus
417 1695 447 1722 et
474 1690 665 1723 Conventui
693 1692 920 1722 obedientiam
937 1692 1081 1729 solitam,
1109 1693 1201 1723 iuxta
1228 1693 1325 1724 ritum
1353 1693 1539 1734 Religionis
1566 1694 1810 1725 Herernitarum
1838 1695 1906 1725 divi
1927 1694 2106 1735 Augustini

285 1755 444 1795 predicte,
462 1756 668 1794 perpetuam,
695 1757 725 1785 et
751 1755 840 1784 omni
868 1763 928 1785 sue
955 1755 1118 1786 voluntati
1146 1756 1352 1789 renuntians.
1378 1765 1416 1787 ac
1444 1757 1646 1787 renuntiavit
1672 1759 1703 1788 et
1729 1757 1912 1793 renunciat,
1927 1757 2107 1797 omniaque

284 1817 452 1847 commisit
478 1819 510 1847 et
536 1817 701 1847 submittit
729 1816 892 1847 voluntati
921 1816 1091 1847 Primis...
1118 1817 1214 1848 salvo
1241 1819 1349 1849 tamen
1377 1826 1510 1858 semper
1536 1819 1637 1849 iure...
1664 1819 1833 1850 alienandi
1852 1821 1883 1850 et
1902 1818 2105 1859 disponendi

284 1879 324 1910 de
352 1879 450 1909 imnis
477 1879 548 1909 suis
577 1879 761 1910 mobilibus
786 1879 1060 1919 quibuscumque
1086 1888 1124 1910 ac
1150 1880 1446 1920 suppellectilibus
1472 1881 1594 1912 domus
1620 1881 1661 1912 ad
1688 1881 1860 1912 arbitrium
1882 1882 2032 1921 ipsorum
2060 1881 2108 1912 iu-

284 1941 443 1981 galium...
470 1944 535 1971 tam
564 1941 593 1971 in
623 1941 689 1972 vita
717 1950 816 1980 quam
845 1941 875 1972 in
904 1944 1019 1978 morte,
1047 1942 1087 1972 de
1114 1943 1239 1982 quibus
1266 1943 1338 1983 ipse
1365 1943 1524 1974 dominus
1550 1943 1748 1974 Laurentius
1775 1943 1845 1974 vult
1872 1951 1974 1983 posse
1993 1943 2109 1983 dispo-

285 2012 394 2034 nere...
421 2012 568 2034 exorans
595 2003 773 2042 plurimum
800 2006 830 2034 et
856 2004 954 2034 enixe
973 2013 1097 2044 rogans
1123 2004 1271 2044 prefatos
1286 2005 1445 2036 dominos
1460 2004 1606 2036 Priorem
1634 2008 1665 2037 et
1691 2005 1821 2036 Fratres
1847 2005 1991 2046 singulis
2010 2005 2107 2036 annis

284 2068 315 2096 et
341 2065 474 2105 singula
501 2065 692 2095 ebdomada
719 2066 891 2105 perpetuis
917 2065 1107 2105 futurisque
1133 2067 1344 2107 temporibus
1369 2067 1530 2098 celebrari
1558 2067 1666 2099 facere
1682 2068 1805 2099 missas
1824 2068 1973 2107 quinque
2000 2068 2072 2098 sive
2089 2075 2107 2098 a

286 2128 425 2158 mortuis
444 2128 516 2157 sive
544 2128 636 2158 iuxta
663 2128 906 2158 occurrentiam
934 2127 1166 2165 festivitatum,
1192 2131 1223 2159 et
1249 2131 1347 2168 prout
1374 2130 1481 2169 magis
1509 2129 1672 2169 placuerit
1691 2129 1776 2169 ipsis
1790 2129 1938 2160 dominis
1954 2127 2058 2159 Priori
2077 2131 2108 2159 et

286 2189 466 2221 Fratribus,
482 2190 524 2220 ad
540 2190 642 2220 altare
661 2192 775 2221 sancte
803 2190 910 2220 Marie
936 2190 976 2221 de
991 2189 1236 2222 Consolatione
1262 2191 1428 2222 existente
1445 2192 1474 2222 in
1490 2192 1646 2223 claustris
1661 2200 1719 2222 seu
1735 2192 1882 2223 claustro
1901 2193 2105 2222 mortuorum

286 2252 393 2291 ipsius
409 2252 613 2289 monasterii,
630 2252 672 2282 ita
687 2254 796 2283 tamen
813 2253 903 2292 quod
919 2253 946 2283 si
963 2255 1153 2284 occurreret
1171 2255 1319 2293 tempore
1339 2253 1471 2284 hiemali
1488 2262 1626 2294 regnare
1645 2256 1771 2284 tantum
1798 2253 1904 2294 frigus
1921 2254 1977 2284 aut
1995 2252 2105 2283 tallem

286 2315 444 2354 impeturn
472 2317 658 2351 ventorum,
697 2314 789 2354 quod
829 2324 894 2345 non
929 2316 1038 2354 possit
1075 2315 1252 2346 commode
1290 2315 1463 2346 cellebrari
1507 2316 1629 2346 missas
1655 2316 1697 2346 ad
1724 2316 1848 2346 dictum
1875 2315 1988 2351 altare,
2014 2314 2104 2354 quod

286 2380 394 2407 tune...
421 2376 566 2407 sufficiat
594 2385 654 2416 pro
681 2377 746 2407 illis
774 2377 908 2408 vicibus
933 2378 1043 2409 dictas
1070 2378 1194 2409 missas
1220 2377 1392 2409 cellebrari
1420 2377 1530 2409 facere
1557 2378 1587 2408 in
1615 2378 1688 2418 ipsa
1725 2378 1867 2408 ecclesia
1908 2377 2012 2408 sancti
2040 2375 2107 2407 Au-

284 2439 421 2479 gustini,
450 2439 499 2470 vel
529 2439 558 2469 in
586 2439 740 2470 sacristia
783 2440 933 2479 ipsorum
976 2440 1189 2470 dominorum
1231 2439 1368 2471 fratrum
1408 2439 1684 2471 Heremitarum...
1722 2443 1752 2470 et
1790 2439 1942 2470 similiter
1968 2439 2104 2470 missam

287 2509 384 2531 unam
411 2509 428 2531 a
455 2501 595 2531 mortuis
622 2501 755 2542 singula
782 2502 1008 2533 ebdomada...
1034 2502 1076 2532 ad
1103 2502 1206 2533 altare
1232 2502 1338 2533 sancti
1366 2502 1509 2542 Nicolay
1535 2504 1762 2533 constructum
1783 2502 1814 2532 in
1830 2501 1972 2532 ecclesia
1992 2502 2106 2532 sancte

287 2561 392 2592 Marie
419 2565 502 2593 terre
529 2561 718 2599 Garlaschi,
746 2564 839 2594 iuxta
865 2565 896 2594 et
924 2564 979 2594 ubi
1006 2564 1103 2595 adest
1130 2566 1382 2595 monumentum
1411 2567 1616 2595 mortuorum
1644 2572 1792 2595 suorum.
1812 2563 1850 2594 Et
1869 2563 2021 2594 similiter
2039 2562 2107 2594 sin-

286 2623 375 2663 gulis
400 2625 530 2654 annis...
559 2624 673 2656 vellint
699 2627 730 2656 et
756 2625 901 2656 debeant
927 2626 1108 2657 cellebrare
1133 2634 1193 2657 seu
1219 2626 1391 2657 cellebrari
1420 2626 1529 2657 facere
1557 2626 1587 2657 in
1615 2626 1688 2666 ipsa
1725 2625 1868 2657 ecclesia
1906 2625 2012 2656 sancti
2040 2623 2107 2655 Au-

286 2686 410 2726 gustini
438 2686 489 2717 vel
517 2687 547 2716 in
574 2687 760 2718 sacristia...
802 2688 1070 2719 anniversarium
1112 2697 1213 2719 unum
1241 2688 1270 2718 in
1298 2688 1531 2719 remissionem
1574 2690 1787 2728 peccatorum
1825 2695 1961 2718 suorum
1988 2688 2019 2717 et
2045 2694 2104 2726 pro

287 2747 394 2778 salute
419 2748 604 2779 animarum
632 2751 696 2779 tam
725 2749 833 2789 ipsius
859 2749 984 2780 domini
1013 2749 1179 2781 Laurentii
1206 2752 1237 2781 et
1262 2750 1349 2780 dicte
1375 2750 1448 2780 eius
1475 2750 1602 2788 uxoris,
1629 2758 1728 2789 quam
1755 2749 1853 2780 etiam
1873 2750 2048 2789 parentum
2074 2750 2105 2779 et

286 2809 426 2840 aliorum
464 2809 698 2841 defunctorum
738 2819 887 2842 suorum.
926 2810 1035 2848 Quam
1055 2812 1192 2851 quidem
1212 2811 1417 2842 oblationem
1444 2814 1475 2843 et
1501 2812 1782 2843 dedicationem...
1809 2811 2003 2851 promittit...
2030 2819 2105 2851 per-

286 2873 390 2911 petuo
415 2874 446 2903 et
471 2872 561 2902 omni
589 2874 738 2912 ternpore
766 2876 881 2905 ratam.
908 2876 1034 2913 gratam
1051 2876 1081 2904 et
1096 2874 1224 2904 firmam
1241 2873 1395 2904 habere...
1415 2874 1480 2905 sub
1496 2874 1696 2914 hypotheca,
1722 2876 1795 2911 etc.,
1821 2873 2018 2904 renuntians
2042 2874 2103 2904 etc.
2154 2890 2157 2893 .

287 2931 326 2964 Et
352 2933 429 2965 inde
455 2936 516 2965 etc.
544 2934 759 2974 presentibus
785 2937 846 2965 etc.
