2305 3407
237 168 298 200 190

232 302 370 333 rendum
398 300 436 332 D.
463 299 712 333 Christoforum
740 301 781 331 de
823 298 1015 332 Giohannis
1056 298 1256 330 canonicum
1298 299 1481 333 astensem,
1522 296 1742 328 reverendum
1784 295 1824 328 D.
1850 297 2046 337 magistrum

231 364 298 395 loh.
326 363 507 395 Antonium
535 364 741 404 paduanum,
767 371 886 393 omnes
913 362 943 392 in
972 361 1122 394 Romana
1138 358 1239 392 Curia
1256 368 1380 390 moram
1409 359 1610 390 trahentes...
1638 359 1679 390 ad
1705 358 1968 399 comparendum
1988 366 2048 398 pro

228 436 268 457 eo
293 434 405 457 coram
432 426 717 457 reverendissimo
745 424 842 456 Patre
869 422 1026 455 Generali
1054 424 1161 454 tocius
1188 421 1327 454 Ordinis
1348 421 1588 452 Heremitarum
1609 421 1714 452 sancti
1734 421 1914 462 Augustini
1935 419 2048 451 Priore

229 489 391 528 magistro
418 487 607 519 lheronimo
633 486 831 527 Sirripanno
869 486 1086 526 neapolitano
1104 482 1166 524 (l)y
1192 485 1379 516 occaxione
1405 487 1435 515 et
1460 492 1563 516 causa
1604 484 1782 516 cuiusdam
1819 487 1947 514 asserte
1972 491 2048 514 sen-

228 551 328 582 tentie
355 553 386 582 et
412 550 734 591 condempnationis
762 552 793 580 ut
820 549 940 580 dicitur
967 549 1031 579 late
1057 551 1088 579 et
1114 548 1191 579 date
1218 557 1275 588 per
1302 548 1507 579 reverendos
1548 547 1679 578 ludices
1718 555 1895 578 causarum
1922 546 2048 577 electos

229 614 259 644 in
286 613 573 645 reverendissimo
600 611 760 652 Capitulo
787 610 942 643 Generali
971 619 1077 651 nuper
1103 610 1245 651 Neapoli
1273 610 1455 647 celebrato,
1481 613 1596 642 contra
1635 609 1799 650 prefatum
1827 608 2046 640 reverendum

229 676 404 706 dominum
432 676 629 715 magistrum
658 674 885 715 Augustinum
912 674 1206 705 constituentem...
1234 676 1264 704 et
1292 674 1323 704 in
1350 672 1501 704 favorem
1529 673 1703 704 reverendi
1742 672 1869 703 domini
1897 671 2046 711 magistri

226 737 407 778 Theophili
436 737 639 777 neapolitani
659 734 709 776 (2)
735 736 887 767 eiusdem
907 734 1047 767 Ordinis
1066 735 1308 767 lleremitarum
1329 735 1434 767 sancti
1455 734 1646 775 Augustini,
1665 735 1851 766 occaxione
1870 733 2047 765 cuiusdam

226 801 315 841 equi.
342 801 407 832 Fra
432 801 443 831 ι’
467 801 561 831 testi:
588 800 727 830 domino
754 798 853 830 fratre
879 798 1077 830 Balthasare
1104 798 1144 829 de
1171 798 1312 838 Lupinis
1337 798 1379 829 de
1406 796 1581 830 Saviliano
1599 797 1697 829 fratre
1717 797 1959 829 l-lerernitarum
1987 795 2050 829 Or-

225 864 314 894 dinis
340 864 446 894 sancti
475 862 656 902 Augustini
685 860 790 902 Papie
817 863 1059 893 commorante.

937 1035 1346 1076 DCCCLXXIX.

318 1146 562 1183 Disposizioni
587 1146 855 1174 testamentarie
881 1145 937 1173 del
963 1145 1079 1173 nobile
1106 1145 1226 1173 Pietro
1252 1145 1450 1181 Mangiaria
1477 1153 1496 1173 a
1523 1145 1646 1173 favore
1672 1145 1706 1173 di
1733 1145 1768 1173 S.
1796 1145 1979 1173 Mostiola.

802 1268 964 1299 15:39,
998 1269 1352 1299 110ve111111·e‚
1387 1268 1465 1292 16.

764 1358 842 1378 *Aren
859 1357 941 1378 Nutar.
958 1357 979 1377 di
997 1357 1067 1378 Pavia
1084 1367 1107 1370 a
1126 1356 1175 1377 Atti
1192 1356 1213 1376 di
1229 1355 1363 1376 Ottomario
1379 1356 1407 1377 de
1423 1356 1504 1380 Maio).

293 1545 414 1660 N
472 1562 514 1588 EL
539 1556 703 1597 refettorto
728 1556 763 1588 ιίί
787 1555 819 1588 S.
846 1555 1013 1587 Mostiolcz.
1035 1555 1243 1586 Testamento
1260 1554 1314 1586 clel
1329 1554 1438 1586 nobile
1457 1553 1566 1586 PIetro
1585 1554 1787 1593 Matzgiarirn
1806 1554 1859 1585 del
1875 1553 1916 1594 fu
1945 1554 2048 1585 Fran-

492 1629 596 1655 cesco,
623 1620 657 1651 (ἰί
681 1619 797 1653 Ριινίιι,
825 1618 877 1649 nel
901 1618 999 1658 quale
1024 1618 1170 1649 cadaver
1197 1626 1294 1649 suum
1323 1618 1421 1649 iussit
1447 1620 1478 1648 et
1504 1617 1677 1648 mandavit
1703 1617 1836 1657 sepeliri
1864 1616 1987 1647 debere
2014 1617 2045 1647 in

491 1682 633 1714 ecclesia
660 1681 854 1712 monasterii
881 1682 996 1711 sancte
1024 1679 1185 1711 Mustiole
1213 1679 1327 1720 Papie‚
1358 1682 1388 1711 et
1420 1681 1450 1711 in
1470 1679 1627 1720 sepulcro
1654 1680 1710 1710 ubi
1737 1679 1859 1719 sepulti
1887 1680 1965 1710 sunt
1991 1687 2050 1719 pa-

229 1749 338 1778 rentes
364 1749 394 1778 et
421 1747 684 1787 predecessores
711 1744 821 1784 ipsius
848 1742 886 1774 D.
914 1743 1114 1779 Testatmis,
1156 1743 1268 1782 posito
1307 1743 1337 1773 in
1376 1743 1505 1782 capella
1540 1742 1752 1773 dominorum
1780 1742 1820 1773 de
1848 1741 2049 1782 Mangiariis

229 1811 422 1840 constructa
448 1809 479 1839 in
507 1809 596 1839 dicta
623 1806 767 1838 ecclesia
794 1805 858 1837 sub
884 1805 980 1836 titulo
1007 1807 1038 1836 et
1064 1804 1105 1836 ad
1134 1805 1295 1836 honorem
1337 1805 1406 1835 divi
1449 1804 1640 1845 Augustini,
1678 1804 1729 1835 cui
1768 1804 1897 1844 capelle
1924 1803 2049 1843 legavit

227 1875 258 1902 et
286 1871 372 1911 legat
400 1874 594 1911 paramenta
621 1869 814 1901 necessaria
840 1870 870 1899 et
896 1868 937 1899 ad
966 1875 1062 1899 usum
1090 1867 1199 1908 ipsius
1236 1866 1376 1907 capelle.
1415 1867 1592 1898 videlicet:
1619 1866 1757 1898 calicem
1796 1875 1897 1897 unum
1931 1874 2050 1906 argen-

228 1937 316 1964 teum
344 1934 659 1974 superdeauratum‚
685 1932 854 1972 planetam
882 1939 993 1965 unam,
1019 1930 1153 1970 paleum
1180 1932 1256 1961 ante
1284 1930 1394 1970 ipsum
1421 1930 1524 1961 altare
1551 1930 1652 1961 veluti
1681 1929 1763 1970 nigri
1790 1938 1864 1960 cum
1891 1929 1993 1960 armis
2018 1930 2049 1959 et

229 1996 385 2036 insigniis
413 1996 543 2027 illorum
571 1996 611 2026 de
639 1994 840 2034 Mangiariis
865 2002 903 2025 ac
931 1993 1065 2024 nomine
1092 1992 1201 2032 ipsius
1227 1991 1266 2023 D.
1294 1992 1484 2024 Testatoris
1509 1993 1679 2032 apposito,
1706 1991 1882 2023 tonicellas
1908 1992 1994 2023 duas
2019 1982 2051 2022 et

228 2059 292 2089 alia
319 2058 512 2089 fulcimenta
539 2060 731 2098 opportuna
759 2066 819 2097 pro
844 2058 963 2087 ornatu
990 2055 1078 2086 dicte
1104 2055 1268 2095 capelle...
1296 2055 1372 2086 ltem
1400 2055 1602 2086 ordinavit...
1630 2055 1721 2094 quod
1742 2063 1800 2095 per
1817 2054 1968 2094 prefatos
1993 2055 2052 2085 do-

230 2122 341 2152 minos
368 2120 516 2152 Priorem
544 2123 574 2152 et
601 2120 733 2151 Fratres
759 2119 953 2150 monasterii
981 2120 1097 2149 sancte
1124 2118 1299 2150 Mustiolle
1338 2117 1442 2158 Papie
1479 2117 1689 2149 celebrentur
1726 2116 1837 2148 officia
1870 2117 2050 2148 duodecim

229 2187 448 2220 nior-tuorum,
475 2183 610 2223 singulo
636 2192 725 2214 anno
753 2183 783 2213 in
811 2183 1022 2222 perpetuum,
1049 2181 1271 2222 solempniter
1296 2183 1327 2212 et
1352 2189 1426 2211 cum
1460 2181 1647 2220 sequentiis
1673 2182 1703 2210 et
1729 2179 1964 2219 rogationibus
1989 2188 2049 2211 seu

233 2246 377 2277 letaniis.
405 2245 443 2277 Εἴ
470 2246 561 2286 quod
589 2245 728 2286 predicti
767 2244 894 2275 domini
923 2243 1018 2274 Prior
1044 2247 1074 2275 et
1101 2244 1232 2275 Fratres
1268 2246 1443 2275 teneantur
1481 2243 1632 2274 intimare
1674 2242 1855 2274 heredibus
1881 2244 1911 2273 et
1937 2244 2052 2282 poste-

230 2309 375 2339 rioribus
403 2308 512 2348 ipsius
539 2307 578 2338 D.
605 2307 795 2338 Testatoris
821 2307 980 2346 quotiens
1006 2308 1038 2337 et
1064 2307 1153 2337 omni
1181 2306 1255 2337 vice
1283 2306 1451 2337 voluerint
1489 2305 1576 2336 dicta
1614 2304 1725 2336 officia
1751 2305 1930 2342 celebrare,
1956 2313 2051 2345 agra-

232 2371 393 2410 vavitque
420 2374 450 2401 et
476 2372 616 2409 agravat
658 2370 801 2400 dictos...
840 2369 1014 2400 heredes...
1041 2368 1081 2399 ad
1109 2368 1237 2399 eisdem
1266 2367 1305 2399 Ι).
1333 2367 1438 2399 Priori
1476 2370 1507 2399 et
1545 2367 1717 2399 Fratribus
1753 2367 1901 2398 dandum
1928 2370 1958 2398 et
1984 2366 2052 2398 sol-

231 2432 377 2463 vendum
406 2433 570 2464 florenum
600 2441 700 2463 unum
730 2432 949 2467 Mediolani.‚.
991 2440 1051 2471 pro
1092 2431 1228 2471 singulo
1265 2430 1388 2462 officio.
1416 2431 1494 2462 ltem
1521 2431 1723 2461 ordinavit...
1751 2430 1842 2470 quod
1869 2438 1926 2470 per
1952 2428 2053 2460 infra-

230 2495 377 2535 scriptos
404 2495 578 2526 heredes...
621 2495 816 2526 maritentnr
842 2494 974 2534 puellas
1016 2493 1194 2524 duodecim
1237 2502 1416 2534 pauperes,
1443 2493 1482 2524 de
1509 2502 1574 2533 qua
1613 2495 1809 2533 paupertate
1847 2495 1952 2524 stetur
1976 2492 2054 2523 elle-

231 2557 333 2588 ctioni
362 2557 471 2588 t‘iende
499 2566 556 2596 per
583 2557 802 2588 reverendum
831 2560 908 2587 tunc
934 2556 1107 2587 dominum
1135 2555 1283 2587 Priorem
1321 2559 1436 2587 sancte
1474 2555 1636 2586 Mustiole
1673 2555 1820 2586 civitatis
1846 2553 1961 2595 Papie,
1986 2563 2051 2594 que

233 2618 299 2649 sint
326 2628 366 2649 ex
395 2619 605 2658 pauperibus
632 2618 754 2649 domus
780 2620 810 2649 ct
837 2617 961 2649 familie
988 2618 1028 2648 de
1056 2617 1300 2657 Mangiariis....
1320 2617 1446 2657 quibus
1465 2617 1621 2657 puellis...
1648 2617 1799 2648 dentur...
1827 2617 1931 2648 librae
1957 2617 2055 2657 quin-

233 2680 394 2720 quaginta
423 2680 616 2720 imperiales
642 2680 682 2711 ad
711 2681 897 2720 minuspro
916 2680 1099 2719 qualibet...
1127 2679 1204 2711 ltem
1231 2680 1395 2710 ordinat...
1423 2679 1513 2719 quod
1531 2688 1588 2719 pcr
1607 2679 1873 2720 infrascriptos...
1901 2679 2052 2717 heredes,

305 2838 310 2856 l
340 2837 406 2857 Frate
422 2836 547 2857 Gerulamo
563 2836 692 2861 Seripando
715 2837 735 2856 di
762 2837 839 2856 nobile
864 2835 964 2860 tauiitglia
983 2836 1117 2861 napolitana
1174 2836 1230 2856 trice
1246 2835 1344 2856 lsabella
1361 2836 1444 2861 riroglic
1461 2836 1482 2856 di
1499 2835 1567 2857 Carlo
1583 2836 1608 2859 V.
1635 2838 1703 2857 tenue
1727 2836 1858 2857 l'orazione
1883 2835 1986 2856 11111υ11ω.
2004 2835 2050 2856 ΤΟ-

239 2880 261 2900 tu
278 2881 350 2901 eletto
366 2880 478 2901 Gener-ale
494 2882 600 2906 appuntn
616 2880 650 2900 nel
666 2881 769 2906 capitulo
786 2881 821 2901 dcl
840 2881 890 2901 153¹.»
904 2880 924 2900 ai
940 2881 966 2900 25
981 2880 1002 2900 di
1019 2880 1119 2904 maenio,
1176 2883 1251 2905 milli,
1268 2881 1312 2900 vol.
1330 2880 1386 2904 Vlll,
1403 2880 1448 2900 222.
1467 2881 1513 2905 lzgli
1531 2880 1552 2901 111
1570 2880 1687 2905 chgente
1706 2881 1766 2905 degli
1782 2881 1853 2902 studii
1868 2886 1881 2902 a
1897 2880 1919 2901 S.
1936 2881 2050 2906 Agostino

238 2925 301 2949 dopo
316 2930 370 2945 :iver
386 2927 515 2948 anve-rnatu
531 2925 638 2945 somme
654 2930 720 2945 come
736 2925 827 2945 vicario
848 2925 985 2950 Apostolico
1001 2930 1041 2950 per
1056 2925 1116 2945 circa
1172 2924 1193 2944 di
1211 2925 1302 2950 Napoli,
1318 2925 1448 2950 segretario
1464 2925 1499 2945 del
1516 2925 1628 2946 Oenei-ale
1644 2925 1702 2946 irate
1714 2925 1821 2946 Gabriele
1836 2925 1864 2946 da
1881 2925 1989 2951 Venezia,
2001 2931 2050 2951 pre—

240 2970 253 2989 5
269 2969 332 2990 mesi.
351 2969 377 2989 bi
395 2970 424 2989 lui
442 2970 493 2989 vedi
511 2969 626 2994 Touemst,
643 2970 688 2990 vol.
706 2970 761 2990 Vlll.
1175 2969 1278 2990 dicatorc
1304 2970 1338 2990 nel
1365 2970 1462 2995 palazzo
1484 2970 1617 2995 apostolico
1646 2970 1761 2995 Τοκειιι,
1777 2970 1834 2996 Vlll,
1850 2970 1906 2995 210),
1921 2970 2051 2996 §egi-clario

296 3014 318 3035 (2
346 3014 436 3038 Qut-sto
453 3013 579 3038 Religioso,
595 3014 732 3034 trovandosi
749 3014 770 3034 in
787 3014 869 3039 Napoli
892 3014 912 3034 al
935 3014 1048 3034 suddctto
1063 3014 1125 3039 capi-
1180 3014 1215 3034 del
1231 3013 1300 3035 Card.
1318 3014 1400 3035 Ridolti
1416 3014 1518 3037 (ibidem.
1535 3015 1590 3035 314¹.

242 3057 290 3077 tolo
306 3057 427 3082 Uenerale,
444 3058 629 3078 nell'occasionc
654 3058 689 3078 dci
707 3057 802 3078 lunerali
819 3063 859 3083 per
875 3058 895 3078 la
912 3057 1007 3079 delinita
1024 3058 1121 3083 impera-
