2305 3407
1918 198 1959 232 37

934 409 1177 451 DCXCV.

235 536 407 572 Religiosi
433 536 658 573 Agostiniani
683 537 863 573 promossi
890 537 959 573 agli
986 536 1109 565 Ordini
1136 537 1242 566 sacri.

764 677 925 708 1607,
959 677 1223 708 rnmznggio,
1257 678 1346 702 29.

740 775 806 796 Ascli.
824 775 903 795 Notar.
921 775 942 795 di
960 774 1030 795 Pavia
1047 786 1069 788 —
1087 774 1134 796 Atti
1150 775 1171 795 di
1188 774 1239 795 Siro
1256 774 1366 795 Pescarii.

164 1027 165 1032 ¹
217 976 327 1094 O
393 994 571 1023 RDINATlO
597 991 764 1031 generalis
790 993 878 1022 tenta
905 1000 962 1031 per
988 991 1207 1022 reverendum
1227 990 1400 1021 dominum
1421 990 1626 1031 Episcopum
1653 990 1965 1027 Bethelernitanuni,

417 1054 447 1084 in
474 1054 619 1085 ecclesia
645 1053 838 1086 Cathedrali
865 1056 895 1085 et
921 1054 962 1085 ad
988 1054 1090 1085 altare
1117 1054 1225 1085 maius
1251 1054 1357 1085 sancti
1384 1052 1522 1085 Stefani.

504 1116 554 1148 Ad
581 1119 724 1157 quatuor
750 1117 896 1148 minores
922 1116 1077 1148 Ordines.

238 1178 350 1210 Frater
375 1178 542 1210 lohannes
568 1178 736 1211 Antonius
762 1179 802 1211 de
829 1178 973 1211 Ostiano
999 1178 1138 1211 Ordinis
1165 1178 1418 1210 Heremitarurn.

239 1240 288 1272 Ad
315 1241 611 1273 subdiaconatum.

239 1303 366 1335 Fratrer
392 1303 558 1335 Iohannes
584 1304 625 1335 de
652 1304 859 1342 Mediolano,
886 1303 1024 1335 Ordinis
1051 1303 1293 1335 Hereniitaruni
1320 1303 1427 1334 sancti
1454 1302 1645 1343 Augustini.

240 1365 351 1397 Frater
376 1364 579 1398 Guillelinus
605 1367 645 1397 de
672 1365 803 1404 Crema,
830 1365 969 1398 Ordinis
995 1366 1238 1397 Heremitaruni
1265 1366 1371 1396 sancti
1398 1364 1589 1406 Augustini.

240 1428 352 1460 Frater
377 1427 513 1460 Blasius
539 1429 579 1460 de
606 1427 676 1466 Ast,
703 1427 841 1460 Ordinis
868 1428 1113 1460 Heremitarum
1140 1428 1245 1459 sancti
1273 1427 1464 1468 Augustini.

241 1490 353 1522 Frater
378 1490 583 1522 Benedictus
608 1491 649 1521 de
677 1490 884 1529 Mediolano,
911 1490 1050 1522 Ordinis
1076 1491 1182 1522 sancti
1210 1489 1401 1530 Augustini.

241 1552 292 1584 Ad
319 1553 546 1585 diaconatum.

242 1615 356 1647 Frater
380 1615 582 1647 Franciscus
608 1615 648 1646 de
674 1614 800 1652 Casali,
828 1614 968 1647 Ordinis
994 1615 1238 1646 Heremitarum
1266 1615 1371 1647 sancti
1399 1614 1589 1655 Augustini.

929 1844 1201 1886 DCXCVI.

238 1972 266 2000 11
293 1972 454 2008 Capitolo
481 1972 515 2001 di
542 1973 576 2001 S.
605 1972 779 2008 Agostino
805 1973 926 2008 elegge
952 1972 961 2000 i
988 1972 1065 2000 suoi
1092 1972 1320 2000 Procuratori
1345 1981 1406 2008 per
1432 1971 1453 2000 l'
1470 1971 1605 2000 eredita
1631 1971 1665 2000 di
1692 1971 1781 1999 frate
1806 1972 1967 1999 Lorenzo

151 2025 196 2054 da
222 2025 366 2054 Candia.

813 2121 969 2153 1507,
997 2121 1196 2153 ltlglio,
1226 2121 1302 2146 12.

669 2226 745 2250 (Arch.
763 2227 842 2247 Notar⁴
859 2227 880 2247 di
898 2226 967 2247 Pavia
982 2238 1006 2240 —
1022 2227 1069 2247 Ani
1086 2227 1107 2247 di
1124 2226 1181 2248 Gian
1198 2227 1308 2252 Agostino
1325 2227 1452 2247 Morascm

167 2428 169 2486 ἦ
257 2429 305 2543 I
402 2447 425 2472 Ν
451 2442 525 2473 loco
550 2440 743 2482 Capituli...
771 2442 962 2473 monasterii
990 2442 1095 2473 sancti
1123 2441 1346 2482 Augustini...‚
1373 2440 1592 2473 Reverendus
1617 2449 1712 2471 sacre
1746 2441 1868 2481 pagine
1896 2449 1972 2480 pro-

422 2503 533 2536 fessor
573 2504 730 2535 dominus
769 2505 927 2545 magister
964 2503 1150 2545 Gregorius
1179 2504 1219 2535 de
1250 2503 1430 2540 Vercellis,
1466 2502 1559 2533 Prior
1592 2503 1830 2534 monasterii....
1865 2503 1969 2533 sancti

167 2552 223 2605 LV
284 2603 287 2604 ⁷
422 2566 601 2607 Augustini
630 2566 777 2607 Papie....
803 2569 833 2598 et
859 2576 933 2598 cuin
961 2567 1079 2606 ipso...
1107 2566 1280 2597 reverendi
1307 2574 1402 2597 sacre
1444 2566 1566 2606 pagine
1608 2565 1819 2605 professores
1844 2565 1969 2596 domini

152 2631 311 2671 magister
338 2630 505 2661 lohannes
533 2629 766 2660 ssertolanieus
792 2629 831 2660 de
858 2627 1060 2666 Castelacm,
1089 2629 1247 2668 magister
1273 2627 1410 2659 Gabriel
1436 2628 1477 2658 de
1505 2626 1620 2667 Papia,
1657 2628 1816 2668 magister
1852 2627 1971 2658 Petrus

152 2693 193 2723 de
220 2691 445 2729 Castronovo‚
488 2692 647 2732 magister
688 2691 871 2722 leronirnus
908 2691 949 2722 de
988 2691 1132 2722 Lenta...
1159 2699 1218 2721 nec
1245 2699 1309 2721 non
1348 2690 1560 2721 venerabiles
1600 2690 1726 2720 domini
1753 2689 1852 2720 frater
1879 2688 1972 2721 Guil-

153 2754 272 2786 lelinus
297 2754 338 2785 de
366 2753 525 2786 Verzellis
553 2754 664 2791 lector,
691 2753 790 2784 frater
816 2753 982 2784 lohannes
1008 2753 1048 2784 de
1075 2752 1199 2790 Trici0,
1226 2752 1325 2783 frater
1352 2751 1478 2783 Paulus
1505 2752 1544 2783 de
1571 2751 1686 2791 Papia.
1713 2751 1811 2782 frater
1845 2751 1970 2782 Paulus

151 2816 193 2847 de
219 2814 409 2848 Castelacio
435 2825 561 2853 cursor,
587 2815 688 2847 trater
714 2814 899 2856 Gregorius
925 2815 966 2846 de
993 2814 1109 2855 Papia,
1135 2814 1234 2845 frater
1263 2814 1434 2845 Ansanius
1461 2814 1501 2845 de
1527 2812 1719 2855 Cotignola,
1752 2813 1852 2845 frater
1878 2812 1972 2845 Ouil-

152 2878 271 2909 lelmus
296 2878 337 2909 de
364 2876 514 2916 Silvano,
541 2878 642 2909 frater
668 2877 890 2910 Sebastianus
916 2877 957 2908 de
983 2876 1185 2914 Castelacio‚
1212 2876 1311 2908 frater
1338 2876 1481 2917 Egidius
1506 2876 1547 2907 de
1575 2875 1760 2913 Alamania‚
1786 2875 1886 2907 frater
1912 2875 1972 2908 Re-

152 2940 274 2981 migius
300 2940 340 2971 de
367 2939 553 2978 Alamania‚
594 2940 693 2972 frater
735 2940 932 2971 Vincentius
968 2940 1008 2970 de
1046 2939 1209 2976 Bononia,
1243 2938 1343 2970 frater
1372 2938 1498 2970 Paulus
1524 2939 1564 2969 de
1591 2938 1701 2974 Utina,
1728 2938 1829 2969 frater
1855 2937 1971 2978 Augu-

151 3002 261 3033 stinus
286 3002 327 3033 de
354 3001 481 3040 Padua,
518 3002 618 3034 frater
655 3001 782 3034 Paulus
808 3002 848 3033 de
875 3001 992 3039 Biella,
1019 3001 1118 3032 frater
1146 3000 1355 3032 Octavianus
1381 3000 1422 3032 de
1449 2999 1611 3038 Palestro,
1649 3000 1748 3032 frater
1789 2998 1968 3032 Conradus

151 3063 339 3101 alamanus,
365 3062 465 3095 irater
490 3063 621 3096 Luchas
647 3064 688 3095 de
715 3063 946 3104 Romagnano,
972 3063 1072 3094 frater
1097 3062 1284 3094 Nicholaus
1308 3063 1349 3093 de
1376 3062 1565 3095 Belenzona
1583 3064 1614 3094 et
1632 3062 1731 3093 frater
1758 3061 1968 3103 Augustinus
