2305 3407
311 132 371 164 162

392 319 469 350 ltem
496 319 610 350 audita
637 318 810 350 rellatione
837 318 957 350 facta...
985 327 1044 359 pro
1070 318 1318 359 supplicatione
1345 317 1573 351 Comunitatis
1599 319 1708 350 fienda
1737 318 1839 349 lll.m0
1873 321 1903 350 et
1933 318 2053 350 Ex.mo
2068 318 2128 350 do-

304 382 393 412 mino
419 381 557 412 domino
583 380 668 412 Duci
696 384 844 412 nostm...
871 381 927 420 qui
955 380 1137 411 retulerunt
1163 389 1364 420 responsum
1393 381 1587 412 habuisse...
1614 383 1644 412 et
1671 381 1762 420 cuod
1800 380 1916 412 saltem
1955 380 2019 412 due
2045 390 2128 412 nun-

304 444 380 474 dine
406 443 667 474 concederentur
692 442 735 474 ab
761 443 849 473 omni
876 451 977 473 onere
1005 442 1151 479 tranche,
1178 451 1378 483 responsum
1407 443 1466 474 fuit
1493 443 1584 483 quod
1611 443 1790 474 habebitur
1815 451 1924 474 sermo
1943 451 2045 483 super
2063 443 2126 474 hoe

304 514 377 536 cum
406 505 552 536 dominis
579 505 754 546 Magistris
779 502 991 544 (lntratarum
1020 502 1215 542 Ducalium)
1240 508 1270 535 et
1297 507 1373 536 tunc
1399 505 1534 536 dabitur
1560 505 1770 536 deliberatio.

1004 705 1424 746 DCCCXXXIX.

393 825 419 852 Il
445 826 677 852 Procurator-e
704 824 737 852 di
765 824 800 852 S.
828 824 996 852 Mostiola
1023 827 1160 852 accetta
1186 824 1219 851 la
1246 823 1404 852 rinuncia
1430 823 1464 851 di
1489 823 1778 852 un'investitura.

946 946 1098 976 13:31,
1131 945 1416 977 gexlnnaio,
1449 945 1501 970 2.

788 1043 865 1065 (Ascli.
883 1043 955 1063 Notrir
981 1043 1002 1063 di
1021 1043 1089 1063 Ριινίῐι
1110 1054 1131 1056 ⁴—
1149 1043 1195 1063 Atti
1212 1043 1233 1062 di
1250 1043 1307 1063 (Μ’-ἰιι
1326 1043 1469 1063 bernai-‹lim›
1485 1043 1544 1063 della
1563 1042 1637 1068 Ripa:

374 1229 496 1345 N
554 1246 644 1272 ELLA
669 1250 749 1272 casn
776 1241 828 1272 del
852 1241 976 1275 notum,
1002 1241 1033 1271 in
1059 1240 1260 1271 Purrocclzia
1285 1240 1320 1271 <li
1344 1240 1376 1272 S.
1403 1240 1570 1272 Marcello.
1610 1240 1823 1276 Venerabilis
1849 1240 2008 1271 dominus
2033 1239 2132 1271 frater

575 1304 738 1335 Nlarcbus
764 1304 804 1335 de
832 1303 975 1340 Barona,
998 1305 1208 1343 procuratore
1233 1303 1267 1334 di
1292 1302 1324 1334 S.
1352 1302 1509 1334 Mostiolci
1527 1300 1588 1341 (1),
1614 1303 1717 1333 riceve
1742 1302 1785 1333 da
1810 1302 2013 1333 Alessanciro
2050 1301 2134 1333 Bec-

491 1402 538 1403 ΎΠ
575 1367 664 1398 caria
690 1367 744 1398 del
760 1366 801 1407 fn
829 1366 916 1398 Gran
943 1366 1081 1406 Fi'lippo,
1109 1366 1212 1397 anche
1237 1374 1257 1397 a
1282 1374 1377 1397 nome
1401 1366 1436 1397 di
1458 1374 1518 1396 sito
1537 1365 1672 1406 fratello
1698 1365 1894 1405 Arcangelo,
1926 1365 1949 1396 il
1973 1364 2133 1405 completo

303 1431 508 1469 paganicum
535 1429 569 1460 di
593 1430 667 1460 tutti
687 1429 738 1467 gli
761 1428 862 1468 affilfi
885 1428 969 1459 delle
995 1431 1073 1459 terre
1098 1428 1151 1459 dcl
1178 1427 1344 1460 Convento
1362 1428 1393 1459 1'11
1420 1428 1541 1459 Verelfo
1560 1427 1634 1458 dell'
1651 1426 1794 1467 Oltrepo.
1821 1427 1859 1458 Et
1886 1427 2026 1467 insuper
2051 1427 2130 1467 quia

308 1494 445 1531 propter
472 1491 558 1521 bella
585 1494 615 1522 et
642 1491 863 1522 callamitates
889 1499 1049 1521 occursas
1074 1499 1112 1521 ac
1145 1490 1388 1521 extremitatem
1427 1492 1614 1530 temporum
1653 1490 1858 1529 presentium
1900 1492 1931 1520 et
1971 1497 2134 1519 annorum

308 1554 575 1593 preteritorum...
603 1553 689 1584 dicte
716 1553 939 1593 proprietates
980 1553 1096 1583 effecte
1122 1552 1257 1584 fuerunt
1283 1555 1313 1583 et
1339 1554 1415 1583 sunt
1442 1552 1585 1589 zerbide,
1621 1552 1742 1583 inculte
1768 1554 1798 1583 et
1825 1560 1890 1582 non
1918 1551 2067 1582 laborate
2093 1559 2132 1582 ac

308 1616 491 1646 deteriores
517 1618 547 1646 et
573 1615 715 1652 steriles,
741 1615 820 1646 citra
848 1617 957 1646 tamen
986 1615 1098 1645 dolum
1126 1618 1156 1646 et
1182 1615 1315 1655 eulpam
1333 1615 1483 1655 ipsorum
1503 1615 1715 1645 dominorum
1741 1614 1878 1645 fratrum
1898 1614 1938 1644 de
1957 1612 2132 1651 Becharia‚

307 1678 318 1708 i
342 1678 422 1708 detti·
446 1677 606 1708 Beccaricr
631 1678 823 1708 rlmmcicmo
850 1677 1110 1708 all'i'111·est1'tt1ra
1135 1677 1177 1708 ea'
1200 1676 1223 1708 il
1250 1675 1416 1709 Convenfo
1442 1678 1568 1708 accetta
1594 1676 1626 1707 la
1652 1677 1810 1708 rlnzmcici.

1086 1877 1360 1918 DCCCXL.

398 1987 425 2014 Il
453 1986 612 2022 Capitolo
638 1987 673 2014 di
699 1987 734 2015 S.
762 1986 936 2022 Agostino
962 1995 1051 2023 paga
1077 1995 1122 2014 un
1148 1986 1268 2014 debito
1294 1986 1335 2014 ed
1362 1986 1482 2022 elegge
1509 1986 1531 2014 il
1557 1986 1801 2014 Procuratore.

976 2108 1121 2140 1531,
1150 2108 1360 2139 aprile,
1394 2108 1484 2132 26.

849 2196 922 2219 (meli.
941 2196 993 2217 Not.
1011 2197 1032 2216 di
1050 2196 1119 2217 Pavia
1136 2207 1160 2209 ᾼ
1176 2196 1223 2217 Atti
1240 2196 1260 2216 di
1278 2196 1335 2217 Gian
1352 2196 1448 2217 Alberto
1464 2196 1574 2217 Morasco
1590 2214 1592 2217 .

382 2382 504 2498 N
560 2399 602 2425 EL
626 2394 792 2434 refettorlo
817 2394 852 2426 di
876 2393 907 2426 S.
935 2394 1108 2433 Agosfr'no,
1145 2394 1307 2425 rammam
1333 2393 1357 2425 il
1380 2393 1524 2434 capilolo
1565 2395 1734 2434 composto
1761 2393 1814 2424 dcl
1838 2392 1950 2424 Priore
1976 2391 2136 2432 magister

583 2457 701 2489 Petrus
727 2458 767 2488 de
794 2456 943 2489 Canellis
971 2457 1194 2489 Provincialis
1220 2456 1399 2488 provincie
1426 2456 1636 2493 Lombardie,
1663 2465 1679 2487 e
1703 2456 1757 2487 dei
1780 2455 1944 2495 Religiosi
1976 2455 2135 2495 magister

581 2518 821 2559 Sigismondus
846 2520 887 2551 de
914 2519 1067 2555 Trivilio,
1093 2519 1193 2550 frater
1219 2519 1385 2551 lohannes
1412 2518 1579 2550 Antonius
1605 2518 1645 2548 de
1672 2517 1880 2553 Mediolano,
1916 2517 2017 2548 frater
2051 2517 2135 2548 Lau-

313 2582 446 2612 rencius
473 2582 514 2612 de
541 2580 659 2621 Papia,
687 2581 788 2612 frater
814 2581 933 2612 Nicola
960 2582 1000 2612 de
1028 2581 1140 2618 Lenta,
1178 2581 1277 2612 frater
1315 2581 1509 2612 Ludovicus
1535 2580 1576 2611 dc
1602 2579 1773 2617 Vercellis,
1799 2579 1900 2610 frater
1925 2579 2068 2611 lacobus
2093 2580 2134 2610 de

311 2646 430 2674 sancto
456 2643 610 2679 Nazario,
636 2643 736 2674 frater
762 2642 1002 2683 Simplicianus
1029 2643 1068 2673 de
1096 2641 1320 2683 Picighitono,
1347 2643 1403 2683 qui
1431 2642 1557 2673 faciunt
1593 2642 1660 2673 fere
1700 2644 1805 2672 totum
1832 2644 1863 2673 et
1890 2642 2054 2682 integrum
2081 2650 2135 2673 ca-

312 2705 465 2744 pitulum,
492 2704 580 2735 facto
607 2705 700 2744 prius
727 2705 878 2745 diligenti
906 2705 1037 2736 calculo
1063 2713 1136 2735 cum
1163 2704 1263 2736 fratre
1291 2705 1478 2736 Laurencio
1504 2705 1544 2735 de
1573 2703 1690 2744 Papia,
1715 2704 1901 2735 occaxione
1916 2705 2133 2744 pecuniarum

313 2775 370 2806 per
396 2767 506 2806 ipsum
534 2767 764 2797 diversimode
791 2767 1062 2802 exbursatarum,
1088 2766 1129 2797 ad
1157 2766 1370 2797 commodum
1399 2766 1507 2806 ipsius
1535 2766 1739 2803 monasterii,
1766 2766 1797 2796 in
1825 2766 1898 2797 istis
1923 2766 2134 2806 temporibus

369 2933 399 2952 (ιι
415 2931 449 2952 Da
466 2937 495 2952 un
510 2933 561 2952 atto
586 2931 607 2951 di
633 2931 736 2952 ricevnta
761 2930 878 2955 d'atlitto,
904 2933 986 2956 rogato
1001 2931 1021 2951 ai
1040 2931 1063 2951 10
1078 2931 1194 2952 diceinhre
1250 2930 1261 2951 ὲ
1277 2936 1322 2951 una
1347 2934 1423 2951 stessa
1448 2936 1547 2955 persona
1572 2936 1614 2951 con
1631 2931 1643 2950 il
1661 2930 1815 2951 procuratore
1831 2931 1866 2951 del
1883 2934 1963 2952 nostro
1979 2931 2127 2952 documento.

319 2976 369 2997 1530
383 2976 412 2996 da
428 2975 485 2997 Gian
502 2976 630 2996 Francesco
646 2975 807 3001 Migliavacca.
823 2980 911 3001 appare
920 2974 1028 2996 clu-frate
1044 2975 1155 2995 lt‘larcbus
1170 2975 1198 2995 de
1255 2974 1296 2995 Dal
1313 2974 1453 2995 documento
1469 2974 1504 2994 del
1524 2976 1547 2994 1¹)
1561 2974 1647 2999 giugno
1663 2974 1684 2995 di
1701 2976 1786 3000 questo
1802 2977 1880 2996 stesso
1903 2981 1964 2996 anno
1980 2976 2072 2996 sembra
2088 2975 2129 2996 elie

316 3020 451 3040 Marabellis
467 3019 495 3040 de
512 3019 583 3045 Papia
599 3025 637 3040 era
654 3019 733 3040 Priore
749 3019 770 3040 di
787 3018 809 3040 S.
826 3019 946 3040 Mostiola.
971 3018 1060 3044 Questo
1082 3019 1198 3044 Religioso
1254 3019 1298 3044 egli
1314 3019 1365 3040 solo
1380 3019 1484 3039 abilasse
1501 3019 1522 3039 in
1538 3024 1583 3044 que
1607 3020 1686 3045 tempo
1701 3025 1714 3040 a
1729 3018 1752 3040 S.
1769 3019 1888 3041 Mostiola.
