2305 3407
1902 156 1940 186 19

128 295 257 334 stisque
282 294 380 325 etiarn
407 302 465 334 per
489 294 571 332 quot
608 299 727 322 manus
763 290 955 322 transiverit
992 291 1064 330 ipsa
1102 290 1225 321 domus
1251 292 1281 321 et
1314 291 1404 329 quod
1444 290 1556 321 multis
1589 291 1686 321 annis
1712 294 1799 323 tenta
1826 295 1856 323 et
1882 302 1940 325 seu

126 358 290 396 occupata
316 355 377 386 tuit
403 364 460 395 per
484 354 658 385 dominum
684 352 849 384 Badinum
876 354 916 384 de
942 352 1119 393 Caspario,
1145 352 1222 382 olim
1249 352 1419 383 auliclium
1447 352 1663 383 illustrissimi
1705 354 1782 384 olim
1815 355 1940 386 donum

128 418 254 449 domini
280 416 385 449 Ducis
410 416 570 448 Ludovici
596 413 728 452 Sfortie,
754 416 810 455 qui
838 415 926 446 illam
953 415 1057 446 tenuit
1082 416 1112 445 et
1138 407 1326 454 occupavit'
1345 415 1412 445 iure
1439 416 1575 454 proprio
1601 416 1730 455 absque
1769 417 1941 449 solucione

126 480 269 511 alicuius
294 479 371 516 ficti,
397 481 426 510 et
453 477 553 509 multa
579 480 609 508 et
635 477 727 508 varia
754 477 1003 508 melior-amenta
1030 477 1105 508 fecit
1133 477 1162 507 in
1190 477 1274 516 ipsa.
1301 476 1485 516 Nostisque
1522 477 1619 508 etiam
1647 478 1737 517 quod
1772 481 1940 519 tamquam

125 542 247 573 doinus
273 541 407 582 propria
434 541 541 580 ipsius
568 539 694 570 domini
722 538 841 570 Badini
869 548 886 570 a
915 539 1080 579 principio
1106 538 1167 569 fuit
1193 547 1268 569 cum
1295 538 1370 569 aliis
1397 538 1496 569 bonis
1523 539 1631 578 ipsius
1669 540 1793 571 domini
1822 541 1940 572 Badini

125 604 333 635 confiscliata
358 605 390 634 et
416 603 492 642 post
517 601 792 632 confiscationem
832 601 956 632 donata
996 601 1173 641 magnifico
1211 601 1348 631 domino
1387 600 1533 631 Leonino
1570 602 1610 632 de
1638 601 1741 638 Biliis,
1770 604 1824 643 qui
1853 604 1940 635 illam

127 666 232 696 tenuit
256 668 287 696 et
312 664 491 704 occupavit
533 663 645 694 multis
686 663 784 693 annis
825 663 955 703 absque
998 663 1171 694 solucione
1213 663 1289 700 ficti,
1316 663 1374 694 sed
1402 665 1571 703 tamquam
1610 666 1754 704 propria.
1782 665 1942 707 Scireque

127 728 224 759 etiam
250 727 381 758 debetis
407 726 542 766 quantis
567 728 597 756 et
623 727 703 765 quot
731 725 905 756 laboribus
930 727 961 756 et
986 725 1148 765 expensis
1173 727 1204 755 et
1230 725 1384 765 pecuniis
1421 728 1574 765 respectu
1617 727 1941 759 melioramentorum

127 790 297 828 redempta
323 788 422 819 fuerit
447 796 464 818 a
492 788 581 828 regia
607 786 748 819 Camera
775 789 805 818 et
831 796 848 817 a
876 787 1032 818 manibus
1058 788 1135 818 dicti
1162 788 1289 818 domini
1318 787 1465 818 Leonini.
1502 786 1663 828 Scireque
1688 790 1785 820 etiam
1813 791 1943 822 debetis

125 851 216 891 quod
242 851 353 881 adhuc
379 850 453 890 ipsa
478 850 601 880 domus
627 849 779 880 subiacet
807 849 964 889 periculis
990 836 1290 889 alogiamentorum
1317 850 1465 890 gentium
1485 851 1722 890 armigerarum
1750 855 1850 891 atque
1868 853 1944 883 aliis

125 913 238 944 causis
263 915 293 943 et
320 912 448 943 littibus
474 911 605 948 futuris,
631 912 729 942 etiam
757 921 830 942 cum
858 912 1021 942 instancia
1059 912 1137 942 dicti
1178 912 1304 942 domini
1344 912 1473 943 Badini.
1516 912 1700 953 Nostisque
1726 915 1824 945 etiarn
1852 916 1941 955 quod

125 975 269 1006 intencio
296 974 580 1007 Reverendissimi
619 974 745 1005 domini
783 974 908 1004 domini
947 972 1139 1005 Cardinalis
1180 972 1428 1005 Comendatarii
1464 975 1523 1005 fuit
1549 978 1579 1006 et
1605 979 1655 1006 est
1681 985 1740 1016 pro
1766 978 1816 1007 sui
1843 978 1946 1008 devu-

125 1038 213 1069 tione
250 1037 399 1068 construi
437 1037 546 1068 facere
584 1037 683 1067 sedes
701 1035 752 1074 (1)
777 1037 989 1067 dominorum
1017 1035 1264 1068 Canonicorum
1292 1039 1321 1067 et
1348 1036 1497 1068 Fratrum
1525 1038 1554 1068 in
1583 1038 1736 1069 decorem
1775 1040 1861 1070 dicte
1891 1050 1945 1071 ec-

123 1100 225 1131 clesie
250 1100 357 1131 sancti
385 1099 573 1140 Augustini,
600 1102 629 1130 et
657 1099 758 1130 multa
785 1099 1047 1136 melioramenta,
1073 1100 1137 1129 tatn
1166 1099 1196 1129 in
1224 1099 1296 1138 ipsa
1322 1099 1465 1130 ecclesia
1492 1108 1590 1139 quam
1619 1101 1648 1131 in
1670 1102 1882 1139 monasterio,
1902 1102 1942 1132 ad

125 1162 258 1193 laudem
285 1161 538 1202 Omnipotentis
564 1161 636 1202 Dey
662 1170 700 1192 ac
727 1161 899 1192 beatorum
943 1160 1182 1200 Apostolorum
1211 1160 1297 1192 Petri
1325 1165 1354 1192 et
1382 1161 1475 1193 Pauli
1502 1172 1539 1193 ac
1567 1163 1633 1193 divi
1662 1162 1853 1203 Augustini,
1880 1174 1943 1204 que

128 1224 262 1255 minime
289 1224 398 1255 facere
425 1226 569 1263 possunt
596 1232 655 1254 nec
681 1223 769 1254 tallis
797 1223 942 1254 intencio
968 1223 1128 1262 consequi
1158 1226 1268 1263 potest
1296 1224 1363 1254 nixi
1402 1224 1528 1264 aliquid
1557 1225 1597 1255 de
1624 1225 1722 1256 bonis
1760 1226 1836 1257 dicti
1876 1236 1946 1257 ino-

128 1287 274 1323 nasterii,
301 1287 342 1317 ad
370 1287 479 1317 minus
506 1288 614 1317 tamen
642 1286 837 1325 dampnum,
863 1285 1026 1316 alienetur
1052 1287 1082 1316 et
1109 1286 1250 1325 pretium
1278 1289 1514 1326 consequatur.
1532 1286 1762 1327 Etpropterea
1789 1289 1946 1319 conside-

126 1351 195 1379 rato
222 1348 312 1388 quod
339 1357 413 1379 cum
440 1348 562 1379 domus
603 1348 836 1388 suprascripta
874 1347 937 1378 sita
965 1347 995 1377 in
1022 1347 1110 1378 dicta
1137 1346 1314 1385 Citadella,
1341 1349 1392 1379 cui
1419 1349 1555 1380 colieret
1581 1359 1597 1380 a
1624 1350 1758 1380 duabus
1792 1351 1944 1390 partibus

125 1413 228 1442 strata
251 1413 281 1441 et
306 1410 349 1441 ab
374 1410 449 1441 aliis
476 1410 610 1441 duabus
651 1410 803 1450 partibus
845 1410 969 1440 dictum
1013 1410 1250 1440 monasterium
1293 1411 1397 1441 sancti
1433 1410 1612 1451 Augustini
1640 1414 1670 1442 et
1698 1412 1766 1442 iura
1797 1421 1868 1450 sua,
1895 1416 1945 1444 est

124 1473 221 1513 quasi
261 1473 290 1503 in
317 1481 456 1512 corpore
484 1473 647 1503 bonorum
685 1473 762 1503 dicti
801 1475 988 1504 conventus
1020 1472 1141 1506 [saneti
1181 1472 1358 1513 Augustini
1397 1477 1426 1504 et
1464 1473 1571 1504 eidem
1607 1475 1809 1505 monasterio
1848 1475 1945 1506 valde

122 1535 297 1566 co'modam
324 1536 355 1566 et
381 1536 556 1575 propterea
594 1535 811 1575 apparuerint
848 1536 973 1566 domini
1002 1535 1096 1566 Prior
1121 1538 1151 1566 et
1178 1535 1309 1566 Fratres
1347 1536 1403 1575 qui
1434 1535 1627 1567 obtulerunt
1653 1537 1732 1567 dare
1765 1537 1807 1567 de
1835 1538 1941 1577 pretio

126 1597 234 1637 ipsius
260 1597 393 1634 domus,
419 1597 447 1627 si
473 1596 600 1627 eisdem
642 1597 808 1628 vendatur
849 1597 951 1628 libere
993 1607 1067 1629 cum
1111 1598 1236 1629 debitis
1265 1598 1573 1637 solempnitatibus,
1601 1599 1886 1638 promissionibus
1912 1602 1942 1630 et

124 1668 198 1690 cum
226 1659 333 1699 pactis
360 1659 499 1690 utilibus
525 1661 655 1690 etcum
697 1659 810 1691 debita
848 1659 966 1697 forma,
1005 1660 1108 1691 libras
1141 1662 1399 1691 novemcentum
1442 1660 1643 1700 imperiales,
1685 1662 1774 1701 quod
1802 1662 1943 1702 pretium

123 1723 174 1752 est
198 1721 274 1752 talle
311 1721 402 1762 quod
441 1730 505 1752 non
543 1721 688 1753 creditur
725 1723 852 1752 tantum
891 1731 948 1753 nec
986 1731 1090 1763 prope
1129 1732 1231 1763 posse
1256 1722 1299 1754 ab
1324 1723 1399 1754 aliis
1434 1723 1596 1754 inveniri:
1639 1723 1677 1754 Et
1704 1724 1843 1764 proinde
1870 1733 1944 1755 cum

124 1783 236 1815 nullus
261 1784 454 1824 apparuerit
481 1792 540 1815 nec
566 1784 712 1815 creditut
737 1793 899 1824 apparere
926 1786 981 1825 qui
1010 1785 1178 1816 meliorem
1205 1785 1437 1816 condicionem
1464 1784 1564 1816 faciat
1580 1794 1638 1816 nec
1654 1785 1763 1817 facere
1780 1786 1882 1824 vellit,
1898 1787 1947 1817 vi-

124 1846 219 1877 detur
244 1846 322 1876 milii
349 1854 424 1877 esse
451 1846 702 1886 procedendum
728 1847 771 1877 ad
798 1847 1032 1878 vendicionem
1058 1848 1194 1879 attentis
1221 1847 1391 1888 predictis.
1418 1847 1667 1879 Nicliilominus
1694 1856 1755 1879 nos
1782 1849 1945 1880 habemus

123 1908 339 1940 considerare
365 1917 405 1939 an
434 1909 507 1948 ipsa
534 1909 685 1940 venditio
712 1909 754 1940 sit
780 1910 889 1940 fienda
917 1910 968 1941 vel
996 1919 1046 1948 ne,
1073 1912 1104 1941 et
1130 1910 1244 1950 potius
1284 1910 1403 1941 cedere
1444 1910 1564 1941 debeat
1590 1910 1630 1940 ad
1659 1910 1833 1942 utilitatem
1864 1912 1943 1943 dicti

126 1971 318 2002 monasterii
346 1979 405 2002 seu
431 1971 473 2002 ad
500 1971 611 2002 minus
637 1971 832 2011 dampnum,
859 1973 1028 2004 stantibus
1062 1972 1325 2004 necessitatibus
1351 1973 1392 2003 de
1418 1972 1543 2012 quibus
1569 1981 1683 2013 supra,
1709 1982 1746 2004 ac
1773 1974 1944 2006 voluntate

126 2032 245 2073 prefati
287 2033 412 2064 domini
454 2031 741 2065 Commendatarii
779 2036 809 2065 et
847 2036 1046 2066 necessitate
1084 2035 1124 2066 de
1162 2044 1228 2075 qua
1254 2044 1356 2075 supra
1383 2044 1420 2066 ac
1446 2035 1669 2066 consideratis
1707 2036 1864 2076 periculis
1904 2037 1945 2068 de

127 2095 252 2134 quibus
278 2103 379 2135 supra
406 2098 436 2126 et
462 2096 607 2126 maxime
644 2097 847 2128 comoditate
885 2097 963 2128 dicti
1002 2098 1194 2129 monasterii
1222 2100 1253 2128 et
1277 2100 1466 2129 conventus
1491 2100 1521 2128 et
1555 2098 1767 2129 dominorum
1796 2099 1943 2130 Fratrum

127 2157 289 2193 eiusdem,
330 2157 454 2196 quibus
495 2166 624 2188 summe
650 2159 699 2189 est
726 2158 1010 2198 persuadendum,
1036 2160 1092 2199 qui
1132 2160 1192 2190 hac
1228 2160 1428 2191 condicione
1465 2160 1564 2190 etiam
1591 2162 1621 2190 et
1647 2160 1806 2199 qualitate
1848 2162 1946 2192 obtu-

130 2218 235 2249 lerunt
261 2219 369 2258 ipsam
396 2219 531 2249 domum
558 2228 677 2257 emere,
703 2220 887 2251 dummodo
914 2230 975 2252 nos
1001 2222 1187 2252 confirmari
1215 2221 1378 2252 faciamus
1404 2223 1434 2252 et
1460 2222 1614 2253 ratificari
1642 2222 1834 2253 huiusmodi
1866 2233 1946 2254 ven-

129 2281 295 2311 dicionem
322 2281 467 2312 fiendam
493 2290 511 2312 a
538 2282 822 2313 reverendissimo
863 2283 1000 2313 domino
1042 2284 1179 2314 domino
1220 2282 1516 2315 Commendatario
1558 2286 1673 2315 nostro
1699 2287 1729 2316 et
1755 2285 1853 2316 etiam
1888 2295 1944 2326 per

128 2342 358 2383 Apostolicam
385 2342 507 2375 Sedem
533 2344 697 2384 expensis
723 2344 823 2375 liuius
850 2346 1044 2376 monasterii
1072 2346 1189 2377 nostri.

217 2403 351 2442 Quibus
376 2406 424 2436 sic
450 2406 635 2446 propositis
661 2408 691 2437 et
717 2415 767 2437 me
809 2407 938 2438 notario
963 2410 994 2438 et
1019 2408 1164 2439 testibus
1205 2408 1429 2448 infrascriptis
1465 2408 1710 2448 aliquantulum
1747 2409 1944 2447 absentatis,

130 2467 193 2507 ipsi
221 2467 347 2498 domini
373 2466 537 2499 Canonici
565 2468 679 2499 habito
706 2468 847 2499 invicem
891 2469 994 2500 multo
1020 2470 1178 2510 coloquio
1204 2473 1234 2501 et
1260 2470 1350 2501 tacto
1376 2471 1556 2510 superinde
1593 2470 1743 2511 diligenti
1785 2472 1945 2503 scrutinio

129 2531 160 2561 et
186 2529 426 2561 deliberatione
453 2530 493 2561 de
519 2532 550 2561 et
576 2539 677 2571 super
703 2531 873 2571 predictis,
900 2532 1171 2563 deliberaverunt
1197 2534 1227 2564 et
1253 2532 1439 2564 deliberant
1456 2535 1487 2564 et
1505 2535 1731 2564 tractaverunt
1755 2536 1786 2565 et
1805 2536 1944 2566 tractant

114 2592 238 2632 ipsam
266 2592 497 2623 vendicionem
524 2592 592 2623 fore
617 2595 647 2624 et
673 2601 749 2624 esse
786 2593 930 2624 fiendam
968 2594 1068 2625 modo
1094 2597 1126 2626 et
1151 2594 1257 2626 forma
1294 2595 1420 2635 quibus
1445 2597 1477 2626 et
1503 2598 1600 2636 prout
1633 2605 1745 2636 supra,
1779 2599 1809 2628 et
1836 2598 1943 2637 ipsam

129 2654 248 2685 cedere
275 2656 305 2685 et
330 2663 502 2686 cessuram
529 2654 600 2686 fore
625 2655 667 2686 ad
694 2656 805 2687 minus
842 2656 1038 2696 dampnum,
1066 2657 1131 2688 imo
1157 2657 1199 2688 ad
1228 2657 1401 2689 utilitatem
1444 2658 1552 2698 ipsius
1590 2659 1795 2696 monasterii,
1821 2661 1851 2690 et
1878 2660 1940 2690 hoc

131 2724 190 2756 pro
216 2717 323 2756 primo
349 2718 500 2748 tractatu.
528 2716 567 2748 Et
593 2717 679 2755 inde,
706 2720 768 2749 etc.
796 2716 1024 2756 presentibus,
1051 2721 1111 2750 etc.

218 2822 248 2853 Il
269 2823 411 2855 secondo
437 2825 569 2855 trattato
590 2833 652 2864 per
673 2824 705 2855 Ia
730 2826 837 2856 stessa
864 2825 993 2856 vendita
1085 2826 1184 2866 luogo
1209 2826 1232 2858 il
1259 2826 1300 2858 18
1322 2835 1444 2864 marzo,
1471 2836 1530 2859 con
1556 2830 1625 2859 atto
1650 2828 1735 2859 dello
1761 2830 1866 2859 stesso
1883 2836 1942 2859 no-

193 2997 222 3020 =l)
237 2995 280 3022 Qui
296 2997 315 3018 si
330 3002 431 3019 accenna
445 2999 490 3019 alla
505 2999 654 3020 costruzione
669 2999 705 3021 del
728 3000 855 3021 benissimo
871 3000 932 3022 Coro
947 3000 969 3021 di
985 3000 1008 3021 S.
1066 2997 1144 3013 20
1159 2997 1171 3013 e
1186 2992 1212 3013 2
1227 2993 1352 3014 novembre
1370 2993 1426 3014 50

137 3040 215 3062 Pietro
230 3041 252 3062 in
267 3041 332 3063 cieto
379 3048 430 3069 oro,
453 3043 546 3065 intorno
560 3044 581 3065 al
597 3044 666 3070 quale
681 3045 733 3066 vedi
748 3045 762 3066 il
778 3045 920 3067 documento
934 3045 971 3067 del
986 3046 1012 3067 2
