2305 3407
300 159 366 191 310

1888 217 1906 225 a>

294 290 465 324 Placentia
490 291 643 329 studens,
668 290 769 331 trater
794 290 838 322 lo.
865 289 1019 330 Baptista
1050 289 1237 330 papiensis.
1263 288 1328 321 Nel
1351 290 1440 320 terzo
1472 289 1606 319 trottoto
1630 286 1684 318 del
1713 287 1829 327 giorno
1859 285 1898 318 13
1922 284 1939 316 ἑ
1966 286 2116 326 presente

293 354 398 386 anche
422 353 521 386 trater
547 352 684 387 Rochus
709 353 750 385 de
784 351 986 386 Camairana
1012 350 1073 391 (1).

1135 553 1291 594 ΜΙῙΙ.

381 666 409 694 11
435 665 615 700 Consiglio
641 664 676 693 di
708 663 942 692 Provvisione
975 663 1156 692 condanna
1182 668 1320 700 quattro
1351 663 1502 692 Paratici
1527 665 1590 692 che
1615 671 1828 692 mancarono
1862 662 2057 691 all'offerta
2081 663 2116 692 di

297 728 331 759 S,
357 727 538 763 Agostino.

887 848 1042 877 1566,
1075 848 1419 879 sette1221)re,
1452 847 1528 872 10.

724 964 801 984 Arcti.
818 963 855 984 del
871 963 956 984 Museo
971 963 1046 984 civico
1061 963 1083 983 ni
1099 965 1156 983 stor.
1175 964 1234 989 patr.
1251 963 1273 983 di
1292 962 1361 983 Pavia
1380 973 1404 976 —-
1422 962 1520 989 Offerre,
1536 968 1609 989 paceo
1624 963 1680 984 ⁴082

372 1111 489 1227 Α
543 1137 776 1169 LL’OFFERTA
802 1136 843 1168 de
869 1135 994 1168 Sancto
1021 1135 1212 1177 Augustino
1249 1136 1331 1167 1565
1356 1135 1478 1167 turono
1511 1136 1659 1167 mandati
1686 1136 1705 1167 li
1733 1135 1924 1168 infrascritti
1958 1137 2118 1177 paratici:

565 1199 585 1230 li
612 1199 744 1236 sartori,
771 1199 789 1229 li
817 1198 973 1239 calegnri,
1000 1198 1019 1229 li
1047 1198 1194 1238 pelizari,
1215 1198 1234 1228 li
1262 1198 1405 1229 barberi.

429 1299 441 1300 ἶ
486 1298 530 1300 ἡ
653 1260 686 1293 Si
719 1262 868 1293 concede
903 1261 1037 1293 licentia
1070 1270 1088 1292 a
1122 1261 1317 1301 qualunque
1350 1263 1531 1292 executore
1565 1261 1597 1292 di
1632 1263 1745 1301 potere
1771 1260 1839 1292 fare
1872 1262 2072 1293 executione
2101 1272 2119 1294 a

293 1327 489 1368 qualunque
515 1325 594 1357 delli
619 1325 701 1356 detti
728 1323 872 1356 Paratici
899 1333 956 1364 per
983 1333 1048 1355 uno
1067 1324 1187 1355 fiorino
1214 1333 1271 1364 per
1297 1324 1431 1355 caduno
1458 1323 1540 1361 loro,
1559 1332 1618 1364 per
1643 1332 1757 1355 essere
1783 1323 1844 1355 sta’
1860 1324 2067 1356 inobedienti
2087 1326 2118 1356 in

295 1399 360 1421 non
387 1389 500 1420 venire
532 1388 574 1419 ad
600 1395 868 1427 accompagnare
902 1386 920 1417 l'
935 1387 1051 1418 offerta
1077 1387 1118 1417 de
1145 1385 1268 1418 Sancto
1295 1386 1575 1428 Augustino....
1613 1386 1703 1426 quali
1730 1394 1816 1417 sono
1842 1395 1901 1427 per
1927 1388 2006 1418 voto
2031 1387 2118 1419 della

294 1452 472 1493 magnifica
499 1449 692 1483 Comunita.
721 1449 770 1481 Ex
797 1449 910 1481 officio
938 1448 1177 1481 Provisionum
1203 1449 1257 1480 die
1284 1448 1312 1480 X
1337 1449 1542 1489 septembris
1571 1449 1663 1480 1565.
1690 1447 1861 1489 Deputati.

1130 1651 1288 1690 MIV.

387 1763 414 1791 11
441 1762 598 1799 Capitolo
623 1761 657 1790 di
682 1762 715 1793 S,
740 1762 848 1790 Paolo
875 1762 994 1797 elegge
1021 1761 1087 1789 due
1114 1760 1349 1791 procuratori,

924 1883 1075 1915 1563,
1108 1890 1185 1907 110
1190 1884 1372 1908 x*e1121)
1378 1889 1436 1907 re
1456 1883 1508 1907 5.

880 1998 957 2019 (Arcti.
975 1998 1055 2019 Notar
1073 1998 1094 2018 di
1112 1997 1182 2018 Pavia
1199 2009 1222 2011 —
1238 1998 1286 2019 Atti
1303 1998 1325 2018 di
1341 1997 1444 2018 Antonio
1460 1997 1546 2019 Cossu.

369 2158 490 2275 N
550 2176 592 2202 El„
617 2173 774 2202 convento
799 2170 834 2202 o'i
858 2171 890 2202 S.
911 2169 1026 2205 Poolo,
1046 2170 1194 2201 adunato
1219 2170 1242 2201 il
1260 2169 1413 2210 capitolo
1431 2170 1472 2201 de
1498 2169 1658 2200 mandato
1677 2169 1852 2200 reverendi
1872 2169 1997 2200 domini
2016 2168 2127 2200 fratris

572 2232 708 2264 Stett'ani
735 2233 776 2264 de
803 2230 924 2264 Crema
952 2232 1084 2269 Vicani,
1103 2234 1228 2263 attenta
1254 2232 1408 2263 absentia
1434 2232 1609 2263 reverendi
1636 2232 1763 2263 domini
1790 2231 1902 2263 fratris
1920 2230 2062 2272 Nicolay
2087 2231 2128 2262 de

572 2296 773 2329 Cremona...
800 2295 925 2327 prioris
943 2296 1095 2327 eiusdem
1123 2296 1350 2326 monasterii...
1378 2295 1408 2326 in
1435 2304 1502 2335 quo
1528 2294 1664 2334 quidem
1690 2294 1840 2334 capitulo
1857 2293 2037 2325 adfuerunt
2053 2302 2127 2325 cum

302 2370 411 2392 eo....
439 2359 565 2390 domini
600 2358 718 2389 fratres
745 2358 957 2398 Augustinus
990 2358 1030 2388 de
1057 2356 1173 2397 Papia,
1200 2357 1352 2388 Aluisius
1377 2358 1417 2388 de
1443 2355 1594 2389 Castello
1620 2359 1651 2388 et
1684 2355 1844 2388 Serenius
1877 2356 1918 2387 de
1950 2354 2128 2393 Cremona,

304 2423 511 2454 facientes...
539 2422 636 2461 quasi
664 2423 768 2452 totum
796 2424 827 2451 et
861 2421 1025 2460 integrum
1059 2420 1255 2460 capitulum,
1281 2420 1515 2451 costituiscono
1540 2419 1609 2450 loto
1631 2419 1838 2460 procuratori
1861 2418 1885 2450 il
1908 2417 2021 2450 Ρνίοιέ
2053 2418 2130 2449 sud-

309 2485 397 2516 detto
423 2494 439 2515 e
458 2484 548 2524 frate
573 2483 735 2522 Agostino
762 2483 805 2514 clu
831 2482 950 2514 Pavia.

368 2643 383 2661 11
413 2641 437 2661 At
460 2642 484 2661 27
509 2647 586 2661 niara-1
604 2641 661 2665 15:35,
678 2640 691 2660 il
713 2640 825 2665 capitolo,
841 2641 972 2660 convocato
992 2639 1028 2659 ital
1049 2639 1193 2664 sottnpriore

1249 2639 1355 2659 solvendi
1372 2638 1434 2659 dicto
1455 2638 1597 2659 monasterio
1613 2640 1693 2658 sancte
1713 2637 1825 2658 Mustiole
1841 2643 1883 2663 pro
1904 2637 2060 2658 ceicbrntiune
2076 2638 2128 2659 mis-

314 2686 373 2706 trate
384 2685 462 2709 Orfeo,
474 2686 494 2705 di
511 2685 546 2706 cui
563 2685 631 2705 fanno
648 2687 714 2710 parte
728 2685 801 2705 anche
816 2684 874 2705 frate
891 2683 967 2705 Rocco
983 2683 1010 2704 da
1028 2683 1098 2704 Paviu
1114 2689 1125 2703 e
1137 2682 1195 2703 §rate

1251 2688 1328 2703 sarum
1345 2682 1442 2703 duarum
1458 2682 1548 2708 singula
1564 2682 1710 2702 hebdomada
1725 2682 1746 2702 in
1762 2681 1859 2702 ccclesia
1875 2682 1948 2702 sancti
1966 2681 2026 2702 Luce
2042 2681 2120 2708 Papie.

315 2730 431 2751 Grazinno
447 2730 475 2750 da
491 2730 590 2750 Venezia
606 2729 724 2753 studente,
741 2729 843 2750 dichiarn
859 2729 880 2749 di
897 2729 1007 2752 ticet-ere,
1024 2728 1059 2753 pel
1079 2730 1196 2748 convento
1304 2727 1330 2748 Αἰ
1349 2727 1372 2747 12
1382 2727 1477 2748 ottubre
1495 2726 1552 2752 1505,
1568 2727 1589 2747 lo
1605 2728 1683 2747 stesso
1699 2726 1804 2751 capitolo
1819 2725 1848 2746 dit
1863 2726 1884 2746 in
1899 2725 1976 2747 attittu
1991 2727 2012 2747 at
2024 2726 2129 2748 Maestro

316 2775 337 2795 di
354 2774 376 2795 S.
393 2774 514 2798 Mostiota,
530 2773 566 2794 dai
582 2774 653 2793 nobili
669 2773 752 2794 fratelli
769 2773 918 2794 Bartolomeo
933 2779 945 2793 e
961 2772 1011 2793 Gio.
1029 2772 1131 2793 Bnttista
1143 2771 1197 2793 Bcc-
1253 2771 1380 2792 Domenico
1396 2771 1511 2792 Tolentini
1527 2771 1603 2791 ltorto
1618 2770 1654 2791 del
1669 2772 1786 2791 convento
1800 2776 1843 2791 con
1865 2771 1941 2791 alcuni
1956 2771 2033 2792 edifizi
2049 2771 2129 2792 rustici

316 2819 387 2844 caria,
403 2818 439 2839 del
455 2818 477 2838 tu
498 2818 630 2840 Gerotamo.
647 2819 708 2838 sette
723 2817 829 2842 bigoncie
845 2817 866 2837 di
889 2817 943 2837 vino
958 2817 1017 2837 dena
1034 2818 1115 2837 tenuta
1131 2816 1152 2837 di
1174 2816 1198 2837 12

318 2864 399 2884 brente
419 2868 459 2888 per
481 2862 597 2887 bigoncia‚
613 2866 653 2887 per
667 2861 745 2882 attitto
759 2863 876 2881 arretrato
891 2861 912 2881 di
928 2861 940 2881 7
955 2861 1008 2881 anni
1031 2861 1110 2886 vigore
1124 2861 1194 2881 annui

318 2907 388 2933 legati
401 2912 442 2933 per
456 2908 621 2927 antecessores
633 2905 776 2931 prefatorum
786 2905 933 2926 dominorum
942 2904 1039 2926 fratrum
1051 2905 1079 2926 de
1091 2904 1199 2926 Beccarin

1252 2821 1293 2841 per
1307 2816 1348 2836 lire
1366 2815 1389 2836 16
1409 2815 1525 2840 311ἐιηηο,
1541 2820 1566 2836 se
1581 2814 1733 2836 l'attittuario
1748 2814 1856 2841 eseguira
1877 2815 1958 2836 alcune
1981 2815 2129 2841 riparazionL

1249 2860 1374 2881 altrimenti
1391 2865 1432 2885 per
1447 2860 1487 2880 lire
1502 2859 1535 2880 2⁴.
1553 2859 1629 2880 L'atto
1644 2859 1656 2880 e
1672 2859 1693 2880 di
1709 2859 1833 2881 Gunitorto
1848 2858 1931 2881 Scotti.
