2305 3407
281 134 346 165 258

280 269 403 306 venire,
428 268 552 299 directe
579 275 638 298 nec
664 266 834 303 indirecte,
860 266 958 297 tacite
984 273 1043 296 nec
1068 272 1243 305 expresse,
1270 273 1330 296 nec
1355 264 1423 295 alio
1448 265 1572 305 quovis
1606 264 1686 295 iuris
1713 263 1764 295 vel
1790 263 1867 295 facti
1893 263 2026 304 quesito
2043 272 2100 296 co-

281 332 360 368 lore,
386 330 450 362 sub
483 332 513 361 et
538 338 612 361 cum
639 330 767 370 integra
793 328 942 359 omnium
968 329 999 358 et
1024 326 1233 367 singulorum
1271 326 1480 364 damnorum,
1520 326 1683 358 interesse
1709 327 1739 357 et
1764 334 2003 367 expensarum,
2033 326 2101 359 litis

281 395 312 424 et
337 394 441 429 extra,
468 390 649 423 refectione
675 392 705 422 et
732 390 952 426 restitutione,
990 388 1030 420 de
1068 396 1211 428 quorum
1248 390 1280 419 et
1316 396 1458 428 quarum
1492 388 1628 428 quidem
1654 388 1804 419 omnium
1830 389 1862 419 et
1890 387 2100 428 singulorum

280 455 479 486 damnorun
507 454 669 484 interesse
695 456 726 484 et
752 459 978 491 expensarum
1016 450 1216 489 quantitate,
1255 450 1341 481 dicte
1381 452 1503 490 partes,
1536 450 1607 481 suis
1633 452 1663 481 et
1689 450 1788 482 dictis
1814 450 2010 481 nominibus
2035 450 2099 482 sibi

282 517 367 558 ipsis
393 516 543 547 vicissim
570 517 600 546 et
626 515 667 546 ad
695 515 837 545 invicem
863 522 902 544 ac
928 513 1108 553 reciproce,
1135 520 1200 543 una
1227 520 1305 552 pars
1330 512 1420 543 dicto
1446 512 1591 552 simplici
1617 521 1691 543 cum
1718 513 1928 543 sacramento
1952 511 2101 551 alterius,

281 583 312 611 et
337 588 354 611 e
380 581 506 615 contra,
531 578 663 617 absque
688 577 752 608 alia
779 576 844 607 fide
870 578 900 606 et
927 575 1126 615 probatione
1163 574 1286 605 exinde
1324 573 1490 611 facienda,
1531 574 1666 606 credere
1692 576 1723 606 et
1749 576 1836 606 stare
1877 574 2102 614 promiserunt

280 644 311 673 et
348 642 577 672 convenerunt
613 648 650 670 ac
688 639 885 679 prnnittunt
922 639 953 668 et
989 637 1204 668 conveniunt.
1243 635 1281 667 Et
1319 645 1379 676 pro
1417 636 1577 676 predictis
1614 636 1773 668 omnibus
1813 638 1844 667 et
1877 636 2021 677 singulis
2055 636 2102 668 sie

282 704 416 734 firmiter
442 706 472 733 et
497 702 675 733 efficaciter
700 700 927 735 attendendis,
953 699 1130 731 solvendis
1155 701 1185 729 et
1211 698 1438 729 observandis
1464 698 1551 730 dicte
1578 701 1690 739 partes
1727 699 1963 730 contrahentes
2003 699 2104 731 dictis

282 765 476 796 nominibus
502 772 577 795 sese
604 766 635 794 et
661 763 774 794 omnia
800 762 966 793 dictorum
993 770 1108 793 eorum
1136 761 1415 792 monasteriorum
1435 762 1466 792 et
1485 762 1712 792 conventuum
1733 761 1820 792 bona
1839 760 1976 792 mobilia
1995 762 2026 792 et
2045 761 2105 792 im-

283 827 418 859 mobilia
446 826 614 866 presentia
640 828 671 856 et
696 824 818 861 futura,
844 825 925 861 iura,
962 824 1123 861 actiones,
1165 823 1291 854 credita
1317 825 1348 854 et
1373 832 1416 854 no
1430 823 1509 854 nina
1543 823 1744 860 debitorum,
1769 831 1808 855 ac
1845 823 1968 854 domus
2004 831 2106 864 supe-

282 890 415 925 lectilia,
441 892 470 920 et
496 897 534 919 ea
561 888 672 919 omnia
698 889 730 919 et
756 887 890 927 singula
916 895 982 926 que
1010 887 1040 917 in
1067 886 1213 927 generali
1240 885 1448 926 oblIgatione
1475 894 1540 916 non
1568 885 1716 922 veniunt,
1736 885 1867 926 pignori
1894 887 1925 916 et
1951 885 2105 926 hipotece

282 952 415 992 penitus
441 954 471 982 et
497 959 662 991 expresse
688 950 752 981 sibi
781 950 875 990 ipsis,
902 949 974 980 suis
999 950 1029 979 et
1056 948 1155 979 dictis
1181 948 1386 985 nominibus,
1425 948 1500 979 hinc
1527 947 1614 985 inde,
1652 948 1803 979 vicissim
1829 950 1860 979 et
1885 948 1927 979 ad
1963 948 2104 979 invicem

281 1024 319 1046 ac
357 1014 528 1054 reciproce
552 1013 756 1053 robligarunt
793 1014 823 1043 et
861 1011 1023 1052 obligant,
1061 1011 1243 1050 omniaque
1280 1010 1368 1041 bona
1409 1010 1516 1041 taliter
1553 1010 1702 1050 obligata
1739 1010 1827 1042 dicte
1868 1012 1999 1050 partes,
2040 1018 2105 1042 una

282 1076 439 1108 videlicet
477 1076 610 1106 nomine
647 1075 785 1106 alterius
822 1076 852 1105 et
878 1083 894 1104 e
930 1075 1054 1108 contra,
1094 1073 1341 1104 constituerunt
1368 1074 1399 1104 et
1425 1073 1626 1104 corstituunt
1656 1075 1766 1104 tenere
1791 1074 1823 1104 et
1849 1072 2037 1113 possidere,
2074 1074 2106 1104 et

283 1138 392 1178 quasi,
419 1146 527 1177 usque
553 1137 594 1168 ad
623 1137 754 1177 plenam
781 1138 811 1167 et
838 1136 1000 1175 integram
1038 1134 1240 1166 solutionem
1278 1136 1309 1165 et
1346 1133 1612 1166 satisfactionem
1648 1134 1873 1175 predictorum
1900 1135 2048 1166 omnium
2075 1136 2107 1166 et

283 1200 513 1241 singulorum:
540 1199 596 1230 tali
624 1208 703 1230 vero
729 1201 840 1239 pacto,
867 1200 991 1235 tenore,
1018 1197 1222 1235 conditione,
1260 1199 1291 1228 et
1328 1196 1412 1237 lege,
1443 1196 1609 1235 videlicet,
1636 1197 1728 1237 quod
1755 1197 1781 1227 si
1809 1197 1958 1237 predicta
1994 1197 2107 1229 omnia

283 1265 313 1294 et
339 1262 474 1303 singula
501 1262 544 1293 ita
569 1261 742 1298 attendita,
784 1260 904 1297 soluta,
946 1260 1129 1300 adinpleta
1171 1261 1201 1291 et
1241 1259 1423 1290 observata
1465 1268 1530 1290 non
1571 1259 1705 1297 fuerint,
1743 1260 1774 1290 in
1808 1260 1967 1291 omnibus
1992 1265 2024 1291 et
2050 1268 2108 1300 per

283 1325 406 1361 omnia,
433 1326 530 1364 prout
556 1323 689 1354 fuerunt
730 1323 899 1363 promissa
936 1324 967 1354 et
1003 1324 1180 1359 conventa,
1219 1321 1310 1362 quod
1348 1323 1426 1353 tunc
1463 1323 1495 1353 et
1532 1330 1572 1353 eo
1608 1330 1688 1353 casu
1723 1321 1820 1353 liceat
1845 1323 1877 1353 et
1902 1321 2027 1353 licitum
2065 1321 2108 1353 sit

285 1387 369 1427 ipsis
396 1387 548 1427 partibus
575 1386 625 1417 vel
652 1386 745 1417 alteri
786 1394 913 1423 earum,
950 1385 1001 1416 cui
1040 1385 1202 1416 attendita
1239 1394 1305 1415 non
1343 1384 1474 1422 fuerint,
1512 1393 1572 1416 sua
1611 1385 1745 1425 propria
1783 1384 1992 1422 auctoritate,
2028 1386 2107 1423 tute,

284 1449 386 1480 libere
412 1451 443 1480 et
470 1449 605 1489 impune
631 1451 663 1480 et
688 1448 820 1488 absque
858 1448 990 1479 licentia
1027 1447 1173 1479 alicuius
1211 1447 1333 1478 iudicis
1370 1446 1421 1478 vel
1460 1447 1646 1487 superioris
1678 1446 1898 1487 impetranda,
1925 1446 2045 1478 intrare
2077 1448 2109 1478 et

283 1512 550 1552 apprehendere,
588 1511 881 1552 aprehensamque
920 1511 950 1541 in
989 1519 1025 1541 se
1052 1511 1192 1541 retinere
1218 1511 1366 1541 tenutam
1393 1511 1424 1540 et
1448 1509 1657 1549 corporalem
1684 1509 1920 1549 posessionem
1957 1509 2108 1540 omnium

286 1575 451 1605 bonorum
479 1574 637 1614 superius
663 1573 900 1613 obligatorum,
927 1574 958 1604 et
984 1581 1126 1612 quorum
1154 1581 1195 1603 ex
1223 1571 1308 1612 ipsis
1335 1571 1488 1602 maluerit
1513 1579 1571 1602 seu
1599 1571 1785 1608 maluerint,
1805 1571 1948 1611 ipsaque
1968 1571 2057 1602 bona
2076 1571 2107 1602 in

283 1645 319 1667 se
346 1637 498 1673 retinere,
525 1635 670 1666 vendere
696 1637 727 1666 et
752 1635 899 1666 alienare
926 1636 956 1665 et
982 1634 1022 1665 de
1050 1634 1136 1674 ipsis
1162 1643 1222 1674 pro
1248 1633 1344 1665 libito
1370 1633 1555 1665 voluntatis
1588 1633 1697 1665 facere
1723 1635 1753 1664 et
1780 1633 1973 1673 disponere,
2000 1641 2108 1674 usque

284 1698 326 1729 ad
365 1698 497 1738 plenam
525 1700 555 1728 et
582 1698 743 1737 integram
782 1697 985 1728 solutionem
1024 1698 1055 1727 et
1092 1695 1361 1727 satisfactionem
1401 1696 1627 1736 predictorum
1664 1696 1812 1726 omnium
1839 1698 1870 1726 et
1899 1695 2108 1735 singulorum

285 1761 442 1800 superius
480 1759 717 1799 obligatorum.
744 1757 1001 1790 Constituentes
1027 1761 1057 1789 et
1085 1759 1317 1798 promittentes
1343 1758 1432 1789 dicte
1459 1760 1582 1798 partes,
1609 1758 1681 1789 suis
1706 1760 1737 1788 et
1763 1758 1863 1789 dictis
1903 1758 2108 1796 nominibus,

285 1822 349 1853 sibi
377 1823 462 1862 ipsis
489 1822 565 1853 liinc
593 1822 680 1858 inde,
708 1821 859 1852 vicissim
886 1823 916 1852 et
943 1821 1114 1860 reciproce
1149 1820 1363 1860 stipulantes,
1391 1820 1541 1860 predicta
1568 1820 1679 1851 onmia
1707 1822 1737 1851 et
1763 1820 1897 1861 singula
1926 1820 2110 1858 attendere,

285 1885 427 1921 solvere,
454 1885 637 1915 observare
664 1885 828 1923 perpetuo
855 1885 885 1914 et
911 1883 1000 1913 omni
1039 1885 1189 1922 tempore
1226 1882 1355 1920 feriato,
1393 1891 1458 1913 non
1485 1882 1603 1913 feriato
1640 1884 1670 1913 et
1707 1881 1800 1913 feriis
1825 1882 2110 1922 quibuscumque,

286 1950 317 1978 et
343 1947 373 1977 in
400 1946 596 1978 civitatibus
624 1945 738 1985 Papie,
766 1945 963 1982 Mediolani,
992 1944 1194 1982 Placentiae,
1236 1942 1434 1981 Cremonae,
1462 1944 1586 1981 Laude,
1626 1944 1758 1979 lanuae,
1787 1943 1857 1982 Ast,
1883 1943 2108 1982 Venetiarum,

287 2008 411 2042 Romae
437 2011 467 2040 et
492 2008 571 2039 alibi
601 2008 726 2048 ubique
754 2007 903 2038 locorum
941 2009 972 2038 et
1009 2008 1169 2038 terrarum
1196 2008 1227 2037 et
1254 2007 1285 2037 in
1313 2015 1528 2046 quocumque
1567 2007 1640 2038 loco
1666 2009 1697 2038 et
1722 2005 1795 2037 foro
1821 2008 1853 2038 et
1878 2006 1942 2038 sub
1968 2006 2110 2046 quibus-

287 2071 366 2102 libet
393 2071 503 2102 iudice
530 2072 561 2102 et
588 2073 714 2101 rectore
753 2072 819 2100 tam
857 2069 1090 2100 ecclesiastico
1127 2077 1227 2109 quam
1269 2068 1412 2099 seculari
1451 2071 1481 2100 et
1519 2071 1584 2100 tam
1622 2069 1793 2100 ordinario
1826 2077 1926 2109 quam
1953 2068 2109 2109 delegato

286 2136 388 2173 atque
415 2132 650 2173 subdelegato,
688 2131 756 2169 ubi,
794 2132 824 2162 in
863 2140 931 2171 quo
969 2133 1001 2162 et
1037 2130 1100 2162 sub
1138 2140 1206 2171 quo
1243 2131 1378 2162 invente
1403 2132 1434 2162 et
1469 2131 1510 2162 de
1548 2131 1709 2171 predictis
1737 2131 1944 2171 interpellate
1973 2130 2105 2162 fuerint.

286 2194 599 2235 Renuntiaruntque
626 2196 657 2225 et
682 2202 848 2232 expresse
886 2193 1078 2224 renuntiant
1114 2193 1201 2224 dicte
1239 2194 1353 2233 partes
1391 2193 1474 2224 inter
1510 2202 1556 2231 se,
1591 2193 1740 2224 vicissim
1766 2193 1864 2224 etad
1902 2193 2045 2224 invicem
2070 2201 2109 2225 ac

287 2257 468 2297 reciproce,
496 2265 560 2288 una
587 2256 743 2287 videlicet
769 2264 847 2296 pars
873 2263 994 2286 versus
1019 2255 1156 2286 alteram
1183 2257 1214 2286 et
1239 2264 1256 2286 e
1281 2257 1408 2293 contra,
1434 2255 1568 2296 singula
1594 2255 1739 2296 singulis
1765 2264 1912 2296 congrue
1937 2257 1969 2286 et
1998 2255 2109 2287 debite

286 2319 471 2357 referendo,
507 2319 699 2359 exceptioni
727 2327 792 2349 non
819 2317 982 2349 factarum
1019 2317 1184 2348 dictarum
1210 2317 1484 2355 concessionum,
1522 2318 1786 2357 separationum,
1825 2317 1996 2355 unionum,
2034 2325 2112 2357 pro-

286 2382 497 2419 missionum,
524 2381 779 2421 obligationum,
807 2380 1039 2411 accordiorum
1077 2381 1109 2411 et
1146 2381 1319 2420 pactorum
1346 2380 1642 2420 predictorumque
1667 2380 1816 2411 omnium
1843 2381 1875 2411 et
1899 2379 2108 2420 singulorum

287 2453 351 2474 non
379 2444 422 2475 ita
448 2445 611 2481 actorum,
637 2442 812 2480 factorum,
838 2444 1010 2483 gestorum
1037 2444 1067 2473 et
1094 2443 1339 2482 promissorum
1367 2444 1466 2482 prout
1492 2450 1595 2482 supra
1621 2442 1820 2479 continetur,
1859 2442 2053 2482 actionique
2078 2443 2110 2473 et

285 2506 477 2546 exceptioni
505 2505 628 2543 infecti,
655 2505 723 2536 doli
751 2505 839 2542 mali,
868 2507 986 2542 metus,
1012 2505 1218 2536 conditionis
1243 2504 1315 2535 sine
1341 2512 1444 2535 causa
1464 2505 1514 2535 vel
1534 2504 1578 2535 ob
1603 2506 1733 2544 turpem
1760 2512 1909 2542 causam,
1935 2512 2109 2544 causaque

287 2568 364 2598 data
390 2569 420 2598 et
447 2576 512 2598 non
539 2570 695 2607 sequuta,
733 2566 795 2597 fori
834 2566 1013 2607 privilegio
1039 2568 1069 2597 et
1096 2566 1188 2597 feriis
1215 2566 1500 2607 quibuscumque,
1526 2566 1685 2606 omnique
1711 2566 1766 2596 alii
1809 2566 1890 2598 iuris
1913 2565 2105 2607 exceptioni

288 2632 319 2662 et
345 2630 546 2661 deffensioni
585 2630 616 2660 in
654 2630 867 2667 contrarium,
904 2637 942 2660 ac
982 2629 1141 2660 omnibus
1167 2628 1427 2669 probationibus
1452 2630 1483 2659 et
1509 2628 1791 2668 productionibus
1817 2628 1962 2666 testium,
1987 2628 2108 2660 iurium

287 2694 318 2723 et
356 2693 653 2724 instrumentorum
691 2693 806 2722 contra
845 2691 994 2731 predicta
1031 2691 1144 2722 omnia
1181 2692 1213 2722 et
1251 2690 1395 2731 singula.
1434 2689 1583 2721 iurantes
1620 2698 1767 2730 quoque,
1793 2698 1831 2721 ac
1859 2690 2054 2722 iuraverunt
2078 2691 2111 2722 et

287 2754 396 2785 iurant
422 2756 535 2794 partes
561 2753 709 2794 predicte
750 2754 781 2784 et
818 2753 897 2784 dicti
937 2752 1064 2783 domini
1102 2750 1230 2784 Sindici
1268 2753 1300 2783 et
1337 2750 1588 2789 Procuratores,
1626 2751 1656 2782 in
1694 2751 1838 2783 animam
1872 2751 2108 2792 principalium

287 2824 436 2853 suorum,
463 2817 630 2856 ponentes
667 2822 786 2846 manus
812 2814 854 2845 ad
881 2815 1001 2854 pectus
1038 2822 1128 2845 more
1165 2813 1380 2851 sacerdotali,
1413 2813 1563 2854 predicta
1595 2814 1708 2845 omnia
1733 2815 1764 2845 et
1789 2813 1923 2854 singula
1947 2813 2053 2846 fuisse
2078 2814 2110 2846 et

287 2887 364 2911 esse
390 2886 469 2909 vera
495 2886 534 2909 ac
559 2877 743 2915 attendere,
781 2876 927 2914 solvere,
965 2875 1161 2916 adimplere,
1197 2875 1380 2908 observare
1416 2877 1448 2907 et
1484 2876 1515 2907 in
1552 2875 1667 2916 aliquo
1693 2884 1759 2907 non
1792 2875 2022 2908 contrafacere
2055 2875 2108 2908 vel

286 2940 520 2973 contravenire
556 2940 656 2971 tacite
693 2947 753 2971 nec
794 2946 976 2979 expresse,
1013 2938 1138 2970 directe
1178 2946 1238 2970 nec
1280 2937 1458 2976 indirecte,
1498 2946 1558 2970 nec
1601 2938 1716 2978 aliquo
1755 2938 1822 2970 alio
1863 2938 1986 2978 quovis
2026 2937 2109 2970 iuris

285 3003 336 3034 vel
364 3002 441 3034 facti
467 3002 603 3042 quesito
627 3001 750 3040 colore,
777 3000 841 3033 sub
868 3008 955 3041 pena
981 3000 1117 3041 periurii
1144 3002 1175 3032 et
1202 3000 1233 3031 in
1260 2999 1484 3041 preiudicium
1510 3000 1697 3032 animarum
1730 3008 1878 3032 suarum.
1916 2999 1962 3032 lta
1997 3001 2108 3032 tamen
