2305 3407
1953 151 2017 183 263

203 277 358 309 ciendum
384 278 497 309 omnia
523 277 578 309 illa
603 286 668 318 que
694 278 736 309 ad
763 279 826 310 hoc
851 280 882 310 et
906 279 992 310 circa
1020 279 1051 310 id
1078 280 1270 312 necessaria
1307 280 1427 312 fuerint
1455 284 1486 313 et
1511 285 1712 323 opportuna,
1746 285 1845 317 etiam
1872 287 1899 318 si
1927 296 2020 318 man-

201 339 316 370 datum
342 340 514 380 exigerent
539 340 647 381 magis
672 340 819 380 speciale
843 342 875 371 et
910 341 1104 380 specificum
1142 350 1241 381 quam
1268 350 1370 383 supra
1396 343 1439 374 sit
1463 352 1675 384 expressum,
1708 347 1928 378 concedendo
1955 358 2019 380 una

202 402 294 433 alteri
321 404 353 433 et
377 401 480 433 altera
505 402 598 433 alteri
624 411 756 433 omnem
781 403 1013 434 auctoritatem
1039 404 1070 434 et
1096 405 1308 443 potestatem.
1340 404 1449 437 Ouam
1476 407 1732 447 aprobationem
1760 411 1793 440 ut
1819 419 1921 450 supra
1948 421 2022 451 pre-

201 464 289 495 dicte
316 464 498 496 Monialles
523 466 698 496 teneantur
724 465 902 505 impetrare
928 466 960 496 et
985 465 1137 497 obtinere
1163 467 1235 497 suis
1261 468 1436 507 expensis,
1464 477 1522 500 nec
1549 479 1613 500 non
1641 469 1751 502 facere
1792 481 1910 504 omnes
1936 474 2021 505 alias

201 535 373 567 expensas
398 535 485 567 quas
508 527 594 558 circa
620 527 652 558 id
678 527 748 558 fieri
782 528 959 567 contigerit
983 529 1015 558 et
1041 528 1225 567 predictam
1262 530 1519 569 aprobationem
1559 531 1589 562 in
1625 531 1731 563 forma
1756 535 1923 565 autentica
1950 544 2023 575 pre-

202 588 282 620 fatis
308 588 478 620 Fratribus
504 589 610 620 sancti
637 588 817 630 Augustini
854 590 1065 630 consignare,
1103 593 1134 622 et
1170 591 1262 631 quod
1297 592 1419 631 pariter
1444 593 1522 624 dicti
1550 593 1682 625 Fratres
1708 596 1814 626 sancti
1841 595 2021 637 Augustini

203 653 377 683 teneantur
413 652 485 683 suis
522 652 715 691 sumptibus
752 654 782 682 et
819 652 982 692 expensis
1019 652 1169 683 obtinere
1206 655 1236 684 et
1273 653 1450 693 impetrare
1487 654 1628 686 similem
1667 657 1953 689 confirmationem
1980 659 2023 690 ab

201 723 317 745 eorum
344 713 628 745 reverendissimo
655 712 752 745 Patre
779 712 893 745 Priore
918 712 1074 746 Generali
1102 713 1241 746 Ordinis
1263 717 1294 746 et
1313 714 1549 747 Difinitoribus
1574 715 1722 758 Capituli
1760 717 1937 752 Generalis
1962 719 2023 760 (l),

203 778 371 816 quatenus
397 776 586 807 necessaria
613 777 655 807 sit
680 777 711 807 et
737 776 777 807 de
804 777 873 807 iure
899 777 1095 816 requiratur.
1133 776 1171 808 Et
1208 777 1357 817 predicta
1394 778 1506 809 omnia
1532 780 1563 810 et
1589 779 1722 819 singula
1757 781 1967 813 stabilierunt
1993 785 2023 814 et

203 837 378 869 stabiliunt
404 839 501 878 pacto
527 846 693 878 expresso
719 840 753 869 ut
779 847 892 879 supra.

291 898 376 932 Cum
402 903 523 939 autem,
550 902 636 932 sicut
661 902 778 933 eadem
806 902 1035 942 subiungebat
1061 902 1190 942 petitio,
1217 902 1296 942 quia
1334 903 1479 935 firmiora
1506 906 1583 935 sunt
1608 913 1646 936 ea
1673 906 1799 945 quibus
1826 906 2022 947 Apostolice

202 961 302 995 Sedis
329 964 502 995 intercedit
527 964 712 996 auctoritas
737 966 767 995 et
794 973 833 996 ne
858 964 899 995 de
925 964 1055 995 viribus
1082 965 1324 1004 premissorum
1345 965 1489 997 dubitari
1516 967 1689 1008 contingat
1716 968 1746 999 in
1773 968 1931 1008 futurum,
1957 972 2022 1001 tam

203 1034 264 1057 vos
291 1034 390 1066 quam
418 1026 527 1057 dictus
565 1025 789 1058 Provincialis
825 1027 971 1067 cupiatis
1011 1027 1227 1058 concordiam
1265 1028 1295 1058 et
1332 1028 1591 1059 conventionem
1627 1030 1820 1062 huiusmodi
1848 1041 1908 1072 pro
1935 1033 2024 1064 illius

202 1087 392 1119 substantia
418 1088 564 1126 firmiori,
591 1087 788 1129 Apostolice
813 1089 1079 1120 confirmationis
1106 1090 1288 1120 munimine
1307 1090 1467 1127 roborari,
1487 1092 1670 1131 supplicari
1702 1092 1831 1125 fecistis
1857 1095 2026 1126 humiliter

202 1149 302 1181 vobis
328 1158 431 1190 super
457 1150 507 1181 liis
535 1159 593 1190 per
618 1149 739 1182 Sedem
766 1151 908 1182 eandem
947 1151 987 1182 de
1024 1154 1217 1191 opportuno
1255 1153 1403 1183 remedio
1441 1154 1701 1186 misericorditer
1738 1157 1918 1195 provideri.
1953 1157 2024 1188 Nos

203 1213 303 1253 igitur
340 1213 532 1244 huiusmodi
574 1213 882 1253 supplicationibus
919 1214 1076 1251 inclinati,
1117 1215 1313 1245 auctoritate
1353 1215 1479 1246 domini
1522 1215 1624 1256 Pape,
1665 1218 1761 1249 cuius
1788 1217 2024 1251 penitentiarie

202 1283 313 1306 euram
339 1275 487 1315 gerimus
512 1277 543 1306 et
568 1275 608 1306 de
634 1276 730 1306 cuius
755 1276 902 1316 speciale
944 1276 1102 1307 mandato
1139 1284 1242 1316 super
1281 1277 1342 1307 boc
1379 1277 1455 1308 vive
1493 1279 1587 1309 vocis
1623 1279 1759 1310 oraculo
1800 1280 1899 1311 nobis
1925 1280 2024 1319 facto,

203 1337 465 1368 conventionem
492 1339 523 1368 et
548 1338 765 1369 concordiam
804 1338 976 1378 predictas
1001 1347 1039 1369 ac
1067 1340 1165 1378 prout
1189 1347 1246 1369 eas
1271 1341 1476 1370 concernunt
1512 1341 1624 1372 omnia
1650 1343 1681 1372 et
1717 1342 1850 1382 singula
1877 1343 1907 1373 in
1935 1343 2025 1375 illius

203 1398 433 1430 instrumentis
459 1401 491 1430 et
516 1408 574 1430 seu
602 1400 824 1431 instrumento
861 1402 1017 1431 contenta
1043 1402 1073 1431 et
1099 1401 1176 1431 inde
1214 1403 1327 1432 secuta
1368 1410 1581 1442 quecumque
1607 1404 1671 1435 alia
1698 1404 1786 1435 licita
1812 1407 1843 1436 et
1872 1405 2024 1444 honesta,

205 1462 318 1492 tenore
344 1461 563 1501 presentium,
589 1462 797 1501 aprobamus
822 1463 853 1493 et
879 1462 1120 1493 confirmamus
1157 1462 1291 1503 illisque
1334 1466 1495 1504 perpetue
1520 1465 1686 1497 firmitatis
1720 1468 1821 1498 robur
1846 1468 2024 1500 adiieimus

204 1531 242 1554 ac
270 1532 387 1554 omnes
413 1525 443 1554 et
469 1523 624 1563 singulos
650 1525 714 1554 tam
754 1524 834 1555 iuris
872 1533 972 1564 quam
1010 1524 1086 1555 facti
1125 1524 1287 1563 defectus,
1325 1526 1351 1557 si
1391 1527 1447 1566 qui
1485 1527 1598 1559 forsan
1633 1529 1871 1561 intervenerint
1908 1531 1939 1561 in
1977 1531 2026 1562 eis

202 1585 413 1625 supplemus,
439 1594 477 1616 ac
503 1586 602 1616 vobis
628 1588 659 1617 et
685 1586 775 1617 dicto
802 1585 1003 1618 Provinciali
1031 1587 1073 1617 ad
1100 1587 1262 1618 dictorum
1290 1586 1524 1629 Capitulorum
1551 1591 1803 1631 stipulationem
1839 1594 2025 1633 respective

201 1647 403 1679 deveniendi
430 1649 461 1679 et
487 1656 551 1688 que
576 1648 723 1688 desuper
748 1649 940 1680 necessaria
966 1650 998 1680 et
1024 1650 1123 1680 vobis
1150 1650 1311 1681 benevisa
1331 1651 1549 1683 instrumenta
1568 1652 1773 1691 celebrandi,
1800 1654 1967 1686 licentiam
1995 1657 2025 1687 et

201 1709 393 1741 facultatem
422 1710 639 1750 impartimur.
666 1710 894 1742 Nihilominus
932 1720 992 1751 pro
1029 1712 1149 1751 potiori
1177 1712 1419 1752 premissorum
1447 1713 1566 1745 robore
1592 1715 1704 1746 omnia
1730 1718 1761 1747 et
1786 1717 1918 1757 singula
1945 1717 2023 1749 dicti

201 1773 394 1803 monasterii
421 1774 535 1803 sancte
562 1772 735 1804 Mustiolle
761 1773 889 1804 reditus
914 1775 945 1804 et
971 1773 1059 1804 bona
1086 1773 1220 1805 stabilia
1247 1783 1284 1806 ac
1310 1775 1385 1806 ficta
1411 1778 1442 1806 et
1469 1775 1576 1816 legata
1603 1777 1645 1808 ab
1671 1778 1788 1809 eodem
1820 1780 2024 1811 monasterio

200 1836 313 1865 sancte
340 1835 513 1866 Mustiolle
554 1838 716 1876 perpetuo
758 1845 977 1877 segregamus
1014 1838 1044 1867 et
1085 1845 1285 1876 separamus
1326 1837 1450 1878 illaque
1491 1840 1603 1870 omnia
1641 1841 1793 1880 predicto
1819 1843 2023 1873 monasterio

200 1898 305 1928 sancti
333 1896 512 1938 Augustini
540 1900 704 1938 perpetuo
741 1899 955 1939 applicamus
980 1901 1011 1930 et
1036 1900 1284 1939 apropriamus,
1322 1900 1502 1941 ipsumque
1540 1903 1778 1934 monasterium
1806 1906 1922 1935 sancte
1949 1904 2025 1935 Mu-

200 1959 310 1990 stiolle
335 1962 366 1991 et
392 1960 482 1991 illius
507 1961 684 1992 ecclesiam
711 1969 749 1992 ac
774 1961 906 1992 edificia
943 1962 1139 2001 supradicta
1180 1962 1280 1993 vobis
1322 1972 1381 2002 pro
1420 1964 1541 1994 vestris
1569 1973 1628 1995 usu
1656 1967 1686 1995 et
1713 1965 1919 1997 habitatione
1945 1975 2019 1997 cum

199 2022 361 2053 oneribus
386 2025 417 2053 et
443 2024 550 2062 pactis
587 2024 744 2063 superius
781 2024 957 2064 expressis
991 2024 1223 2061 concedimus,
1249 2025 1467 2065 assignamus
1500 2034 1537 2056 ac
1575 2026 1705 2066 prefato
1743 2029 1856 2058 vestro
1881 2029 2020 2068 antiquo

201 2085 405 2115 monasterio
431 2085 559 2116 Montis
584 2084 720 2117 Olliveti
749 2086 882 2117 unimus
907 2088 938 2117 et
964 2086 1230 2126 incorporamus,
1255 2086 1298 2117 ita
1332 2087 1421 2125 quod
1450 2089 1563 2118 sancte
1590 2087 1763 2119 Mustiolle
1790 2091 1819 2120 et
1846 2090 2019 2129 antiquum

200 2147 440 2177 monasterium
468 2147 661 2178 huiusmodi
689 2156 789 2178 unum
808 2149 839 2179 et
858 2148 945 2178 idem
972 2148 1210 2178 monasterium
1237 2150 1446 2185 censeantur,
1472 2158 1510 2179 ac
1537 2151 1701 2189 premissa
1727 2151 1839 2182 omma
1859 2154 2020 2191 perpetuo

198 2207 293 2238 firma
318 2209 349 2238 et
375 2207 503 2239 illibata
529 2209 712 2248 persistant
748 2218 786 2240 ac
824 2211 987 2249 perpetuo
1014 2209 1253 2240 inviolabiliter
1290 2210 1526 2242 observent-ir.
1554 2210 1676 2252 Sicque
1703 2222 1761 2253 per
1786 2222 2020 2254 quoscumque

199 2269 330 2300 iudices
355 2271 385 2300 et
411 2278 585 2309 personaz,
612 2270 744 2302 sublata
770 2271 819 2302 eis
843 2272 874 2302 et
899 2280 1013 2302 eorum
1040 2271 1177 2302 cuilibet
1214 2273 1336 2312 quavis
1363 2273 1458 2304 aliter
1495 2274 1674 2311 iudicandi,
1710 2276 1890 2307 definiendi
1917 2279 1947 2308 et
1974 2278 2021 2308 in-

199 2331 404 2371 terpretandi
446 2331 605 2363 facultate
630 2334 661 2363 et
687 2333 895 2370 auctoritate,
937 2333 1090 2371 iudicari,
1124 2333 1253 2364 definiri
1291 2336 1323 2365 et
1364 2336 1570 2376 interpretari
1612 2337 1743 2374 debeat,
1769 2347 1807 2369 ac
1838 2339 1961 2370 irritum
1988 2342 2019 2371 et

199 2393 309 2431 inane,
335 2394 362 2425 si
389 2402 488 2425 secus
514 2402 616 2434 super
641 2395 693 2425 iiis
718 2404 736 2426 a
762 2403 976 2435 quocumque
1002 2396 1124 2435 quavis
1149 2397 1356 2434 auctoritate,
1383 2398 1526 2429 scienter
1553 2399 1603 2430 vel
1631 2400 1822 2439 ignoranter
1843 2402 2019 2442 contigerit

198 2456 399 2496 attemptari,
425 2456 647 2488 decernimus.
674 2456 712 2488 Et
738 2457 876 2497 insuper
901 2457 1011 2495 vobis,
1038 2460 1071 2488 ut
1097 2461 1276 2499 postquam
1297 2461 1535 2492 monasterium
1562 2464 1677 2493 sancte
1704 2462 1877 2495 Mustiolle
1904 2465 2019 2496 liuius-

200 2518 289 2549 modi
317 2519 551 2559 posessionem
577 2521 734 2551 assecute
759 2519 900 2558 fueritis,
927 2520 1016 2551 illius
1042 2521 1289 2553 invocationem
1316 2525 1346 2553 et
1372 2523 1680 2556 denominationem
1708 2528 1844 2564 mutare,
1864 2527 2013 2567 illudque

200 2581 438 2612 monasterium
466 2581 567 2613 Beate
595 2581 700 2613 Marie
727 2581 855 2613 Montis
881 2580 1030 2620 Olliveti,
1068 2584 1241 2623 perpetuis
1278 2584 1399 2616 futuris
1428 2587 1649 2626 temporibus,
1676 2588 1832 2619 invocare
1858 2591 1889 2620 et
1914 2590 2017 2620 deno-

200 2642 324 2674 minare
351 2643 453 2675 libere
478 2645 509 2675 et
535 2644 622 2675 licite
647 2645 789 2685 possitis
815 2646 845 2676 et
872 2644 1014 2676 valeatis
1039 2646 1258 2677 concedimus
1272 2648 1303 2677 et
1322 2647 1537 2687 indulgemus
1563 2657 1601 2680 ac
1628 2649 1794 2681 licentiam
1821 2654 1851 2682 et
1879 2651 2014 2683 liberam

198 2703 390 2736 facultatem
428 2706 646 2746 impartimur,
685 2716 750 2738 non
788 2706 1006 2738 obstantibus
1043 2708 1219 2746 premissis
1256 2717 1294 2740 ac
1331 2711 1632 2742 constitutionibus
1669 2714 1700 2743 et
1737 2713 2016 2745 ordinacionibus

197 2766 397 2806 apostolicis
423 2768 488 2798 tam
515 2768 783 2808 provincialibus
808 2777 909 2809 quam
935 2768 1150 2801 sinodalibus
1169 2771 1332 2802 dictorum
1359 2770 1524 2803 Ordinum
1551 2774 1649 2805 etiam
1677 2774 1872 2813 iuramento,
1898 2776 2016 2807 confir-

199 2827 343 2859 matione
368 2829 567 2869 apostolica,
594 2830 646 2862 vel
671 2831 795 2871 quavis
820 2831 973 2863 firmitate
998 2832 1062 2863 alia
1088 2833 1264 2871 roboratis,
1291 2835 1425 2865 statutis
1442 2837 1474 2866 et
1490 2836 1807 2874 consuetudinibus,
1829 2837 2016 2878 privilegiis

254 2983 285 3006 (1)
299 2982 370 3005 Come
391 2985 473 3006 risulta
489 2986 526 3007 dal
541 2986 682 3008 documento
697 2987 734 3008 del
750 2988 842 3014 inaggio
860 2989 917 3013 1559,
940 2990 1024 3015 questa
1040 2995 1077 3011 ne
1132 2990 1153 3010 di
1176 2990 1285 3015 venezia.
1301 2996 1312 3011 e
1328 2996 1356 3011 ne
1371 2996 1461 3017 nacquc
1484 2992 1562 3018 quindi
1586 2998 1630 3013 una
1653 2998 1723 3017 grave
1745 2994 1905 3014 controversia
1928 2995 1969 3014 che
1991 2994 2010 3015 si

200 3028 311 3051 cessaria,
322 3028 440 3050 conferma
464 3029 487 3051 fu
503 3032 587 3057 negata
602 3031 638 3052 dai
658 3031 780 3054 Definitori
796 3033 832 3054 del
848 3032 958 3060 Capitolo
973 3035 1080 3060 generale
1136 3034 1250 3061 prolungo
1266 3040 1306 3060 per
1321 3035 1377 3055 varii
1392 3035 1453 3056 anni.
