2305 3407
288 149 353 191 2'52

1068 340 1335 381 CMLVII.

376 451 402 479 11
427 452 648 479 promi-amre
673 450 705 478 di
730 451 762 481 S,
790 449 956 486 Agostino
981 449 1092 478 rieeve
1118 458 1162 477 un
1186 457 1330 485 assegno
1355 449 1441 478 della
1467 448 1558 484 regia
1583 449 1726 477 Camera
1743 448 1775 477 di
1792 448 1917 477 Milano
1942 447 1995 477 sui
2019 448 2105 477 dazii

292 504 324 532 di
349 504 462 533 Pavia.

924 599 1087 628 1368,
1116 598 1407 629 fottlvr11109
1435 598 1488 623 6.

827 687 904 709 (ΑΙ-τη
923 686 991 706 Numi
1020 686 1041 706 di
1060 686 1137 706 l'urin.
1157 697 1176 698 j
1195 686 1242 706 Atti
1259 686 1280 705 di
1298 685 1355 706 Grau
1372 686 1459 710 Augen»
1475 686 1565 707 saecun

361 872 483 988 N
539 884 771 915 ELL'UFFlclo
797 884 831 915 di
856 883 1032 916 Gerulumo
1070 883 1128 920 Re,
1165 884 1306 914 cassiere
1343 883 1397 914 dei
1432 883 1534 914 Duzii
1558 884 1592 915 di
1628 883 1744 919 Ριινίιι,
1783 885 1814 915 ill
1854 884 2052 915 Parrocclu'a
2077 884 2112 915 di

562 946 595 979 S.
624 945 761 987 Giorgio
787 947 818 978 ι’[ι
844 946 1098 985 Montefnlcotze.
1127 946 1339 977 Venerabilis
1365 946 1524 977 dominus
1565 946 1664 978 frater
1690 946 1902 987 Augustinus
1927 947 1968 978 de
1995 946 2110 987 Papia,

556 1012 766 1050 procuratore
792 1009 845 1040 del
869 1011 1027 1040 convento
1054 1008 1088 1039 ali·
1113 1008 1145 1040 S.
1172 1008 1345 1047 Agostsrm,
1383 1009 1531 1040 diclziurn
1568 1009 1603 1040 di
1626 1010 1764 1040 ricevere
1789 1010 1833 1040 da
1861 1009 2037 1042 Geralamo
2063 1009 2112 1044 Re

289 1073 464 1113 capserius
489 1072 570 1103 datii
599 1072 717 1102 intrate
757 1074 927 1111 portarum
971 1070 1098 1111 prefate
1139 1070 1287 1101 civitatis
1314 1070 1451 1111 Papie...
1489 1072 1623 1102 nomine
1666 1071 1766 1111 Regie
1804 1071 1944 1103 Ducalis
1971 1070 2111 1104 Camere

289 1135 488 1171 Mediolani,
514 1134 570 1165 lire
595 1133 743 1173 quindici
767 1133 939 1174 impericzli,
966 1142 1026 1173 pro
1053 1133 1227 1164 solucione
1254 1135 1284 1164 et
1311 1132 1543 1164 satisfactione
1571 1135 1669 1165 unius
1694 1135 1795 1165 annui
1835 1134 1986 1165 redditus
2012 1134 2114 1166 dena-

290 1199 412 1228 riorum
440 1196 659 1228 favoritorum
686 1197 762 1227 anni
792 1196 890 1227 tinius
918 1196 1071 1236 proxime
1098 1196 1255 1236 preteriti,
1283 1196 1339 1235 qui
1366 1197 1537 1227 annuatim
1565 1197 1716 1236 predicto
1743 1197 1947 1228 monasterio
1967 1206 2024 1237 per
2043 1205 2115 1237 pre-

290 1259 378 1291 fatos
405 1258 586 1296 Datiarios,
614 1259 748 1290 nomine
786 1259 934 1299 predicte
975 1257 1127 1295 Camere,
1165 1258 1235 1289 dari
1263 1259 1293 1289 et
1320 1258 1468 1298 persolvi
1495 1261 1693 1289 consuetum
1720 1262 1781 1295 est,
1807 1267 1865 1299 per
1890 1259 2028 1290 totidem
2056 1267 2115 1300 per

291 1322 474 1363 predictam
501 1320 678 1354 Cameram
705 1329 807 1362 super
833 1322 917 1362 ipsis
944 1321 1045 1352 datiis
1070 1321 1242 1352 annuatim
1269 1321 1465 1361 assignatos
1491 1323 1521 1352 et
1548 1324 1645 1361 prout
1679 1321 1779 1352 latius
1804 1322 1847 1352 ad
1875 1321 1978 1353 libros
2004 1325 2034 1353 et
2059 1330 2116 1353 co-

291 1384 384 1416 dices
410 1384 487 1415 dicti
515 1383 603 1415 Datii
630 1392 668 1415 ac
694 1383 828 1415 tabulas
855 1383 981 1424 prefate
1007 1381 1147 1415 Camere
1174 1391 1275 1423 super
1301 1383 1417 1414 debito
1444 1383 1523 1414 dicti
1551 1383 1665 1414 datii...
1691 1392 1856 1424 apparere
1881 1383 1997 1415 dicunt
2015 1381 2076 1423 (l).

1059 1585 1353 1626 CMLVIII.

379 1695 406 1723 11
430 1694 545 1723 Priore
581 1695 745 1723 Generale
770 1694 855 1723 frate
880 1694 1065 1723 Cristoforo
1091 1694 1132 1722 da
1160 1694 1297 1722 Padova
1332 1693 1503 1722 autorizza
1529 1694 1549 1722 il
1574 1693 1783 1722 Provinciale
1809 1694 1841 1722 di
1866 1693 2071 1723 Lombardia
2098 1703 2118 1723 a

292 1752 432 1776 trattare
458 1748 545 1776 della
568 1747 705 1776 vendita
730 1747 762 1775 di
787 1748 819 1776 S.
846 1747 1016 1776 Mostiola.

955 1860 1117 1893 1568,
1156 1862 1366 1893 aprile,
1403 1860 1455 1886 7.

898 1949 1035 1970 *Bililioteca
1053 1950 1160 1975 Angenea
1177 1950 1198 1970 di
1216 1949 1286 1971 Roma
1303 1961 1327 1963 —
1343 1949 1400 1971 Cod⁴
1418 1956 1438 1970 n>
1455 1950 1510 1973 483),

381 2132 468 2249 F
540 2150 660 2179 RATER
696 2144 931 2178 Cliristoforus
970 2146 1165 2184 patavinus,
1191 2145 1331 2178 Ordinis
1385 2146 1625 2178 Heremitarum
1668 2147 1774 2178 saneti
1802 2146 1980 2187 Augustini
2023 2144 2117 2177 Prior

562 2207 738 2241 Generalis
765 2209 935 2249 indignus,
962 2209 1084 2240 dilecto
1110 2209 1209 2240 nobis
1229 2210 1258 2240 in
1280 2208 1415 2241 Cliristo
1443 2210 1604 2250 magistro
1631 2209 1673 2240 lo.
1701 2209 1847 2241 Antonio
1873 2209 2115 2240 mediolanensi

482 2305 527 2308 ,ἠ
562 2270 766 2302 Provinciali
795 2270 995 2302 Provinciae
1023 2274 1156 2302 nostrae
1184 2271 1406 2303 Lombardiae
1443 2272 1594 2303 eiusdem
1626 2271 1766 2304 Ordinis
1791 2280 1829 2303 ac
1857 2272 1937 2309 voti,
1963 2270 2115 2302 salutem.

381 2332 466 2365 Cum
495 2333 596 2364 multa
622 2333 689 2364 sint
715 2342 812 2373 quae,
839 2334 908 2364 iure
933 2333 1029 2364 offitii
1057 2334 1172 2371 nostri,
1201 2334 1231 2364 in
1258 2333 1397 2365 Ordinis
1422 2335 1714 2366 conservationem
1741 2337 1771 2365 et
1797 2333 2012 2365 commodum
2042 2332 2118 2364 dili-

292 2398 408 2435 genter
434 2395 612 2435 providere
639 2395 814 2432 debemus,
842 2404 906 2426 non
934 2395 965 2426 in
993 2396 1175 2436 postremis
1212 2398 1264 2427 est
1301 2404 1338 2427 ea
1376 2405 1464 2431 cura,
1503 2405 1568 2436 qua
1607 2396 1694 2427 bona
1728 2395 1975 2435 facultatesque
2002 2402 2117 2425 mona-

292 2458 467 2488 steriorum
494 2456 644 2495 Ordinis,
671 2457 797 2497 quibus
825 2457 954 2489 Fratres
981 2458 1084 2489 nostri
1111 2458 1245 2489 aluntur
1270 2460 1301 2489 et
1326 2460 1568 2495 sustentantur,
1604 2460 1690 2489 recte
1728 2459 1907 2489 tractentur
1944 2459 1975 2488 et
2011 2457 2118 2488 admi-

293 2520 481 2550 nistrentur.
511 2519 552 2551 Ut
578 2520 666 2550 enim
695 2520 839 2551 maiores
864 2520 981 2557 nostri,
1019 2529 1080 2551 sua
1117 2520 1302 2561 diligentia,
1330 2529 1368 2551 ea
1394 2522 1569 2555 auxerunt,
1608 2523 1710 2560 atque
1735 2522 1833 2551 aucta
1860 2519 2006 2559 posteris
2044 2518 2118 2550 reli-

295 2584 448 2621 querunt,
476 2582 518 2612 ita
543 2582 703 2613 convenit
730 2582 829 2613 nobis
855 2591 915 2622 pro
942 2582 1071 2613 viribus
1098 2591 1136 2614 ea
1162 2591 1364 2614 conservare
1390 2584 1421 2614 et
1447 2591 1486 2613 ne
1513 2583 1578 2613 ulla
1605 2591 1645 2613 ex
1673 2584 1766 2622 parte
1801 2581 2039 2612 imminuantur
2063 2579 2115 2612 vel

294 2642 496 2680 dilabantur,
522 2652 658 2683 operam
686 2643 786 2674 dare:
824 2644 916 2683 quod
955 2652 1027 2681 nos,
1065 2652 1139 2675 cum
1177 2652 1310 2684 semper
1347 2644 1568 2681 effecerimus,
1607 2644 1637 2674 in
1676 2643 1790 2675 causis
1817 2652 1896 2674 vero
1922 2642 2115 2683 gravissimi

295 2705 464 2741 momenti,
490 2705 579 2735 omni
605 2705 803 2736 accuratiori
841 2714 910 2745 quo
947 2706 1122 2746 possimus
1155 2706 1280 2744 studio,
1316 2706 1550 2737 observamus.
1577 2704 1662 2737 Cum
1690 2706 1802 2745 itaque
1829 2713 1891 2736 nos
1916 2714 1957 2736 ex
1999 2704 2116 2736 litteris

294 2767 360 2797 tuis
387 2766 651 2798 intellexerimus
677 2769 706 2798 te
733 2767 904 2806 quandam
931 2776 1067 2799 causam
1094 2770 1282 2799 conventus
1308 2768 1411 2799 nostri
1439 2769 1575 2799 sanctae
1609 2767 1791 2799 Mustiolae
1817 2767 1858 2799 de
1886 2766 2001 2807 Papia,
2041 2775 2115 2798 cum

295 2828 497 2859 venerandis
538 2828 748 2860 Monialibus
788 2827 928 2860 Ordinis
969 2829 1087 2860 beatae
1114 2829 1242 2861 Mariae
1275 2830 1317 2861 de
1351 2829 1467 2861 Monte
1486 2828 1631 2867 Oliveto,
1662 2829 1760 2870 longe
1786 2831 1861 2860 ante
1898 2830 2013 2860 nostro
2037 2837 2117 2860 con-

294 2898 407 2928 sensu,
433 2890 610 2931 diligenter
635 2891 860 2922 consultatam
897 2893 999 2931 atque
1035 2892 1206 2932 agitatam,
1233 2900 1320 2923 nunc
1346 2892 1481 2923 tandem
1520 2892 1709 2927 inchoasse,
1736 2900 1773 2923 ac
1807 2893 1984 2932 propterea
2021 2892 2116 2931 petas

350 3045 380 3070 (Ι)
396 3045 546 3067 Un'identica
562 3046 733 3067 dichiarazione
757 3046 873 3068 troviamo
889 3047 948 3072 negli
963 3047 1006 3068 atti
1022 3046 1083 3068 dello
1098 3048 1177 3068 stesso
1233 3048 1313 3069 notaio
1328 3046 1409 3069 Sacclii
1425 3048 1490 3069 sotto
1506 3048 1527 3069 la
1543 3047 1597 3069 data
1614 3047 1650 3069 del
1665 3047 1678 3068 6
1691 3047 1765 3073 aprile
1782 3047 1839 3069 ¹557.
