2305 3407
745 740 788 801 S
801 737 1092 801 EUOLO
1156 737 1291 800 XV
1304 737 1331 799 lu

885 1013 1184 1053 DCXLVII.

220 1123 357 1150 Laurea
383 1122 417 1150 in
442 1122 596 1158 teologia
622 1122 657 1150 di
683 1123 772 1151 frate
798 1122 973 1150 Giovanni
998 1122 1150 1150 lambris
1176 1122 1219 1150 da
1246 1121 1376 1149 Tours.

766 1236 902 1267 1501,
935 1236 1139 1260 febbra
1145 1235 1215 1265 io,
1246 1235 1307 1260 11·

717 1324 795 1345 [Aren.
812 1324 893 1344 Notar,
910 1323 931 1344 di
949 1323 1019 1344 pavia
1036 1334 1059 1336 —
1076 1323 1124 1344 Atti
1140 1323 1162 1343 di
1178 1322 1228 1343 Siro
1246 1322 1354 1347 Pescari).

208 1508 306 1625 B
375 1526 609 1554 ERNARDlNUS
635 1520 789 1561 Nigonus
815 1521 855 1551 de
883 1519 996 1561 RegiO,
1023 1521 1104 1551 iuris
1138 1521 1313 1560 utriusque
1350 1520 1478 1553 doctor,
1516 1520 1787 1551 reverendissimi
1814 1522 1845 1551 et
1872 1520 1945 1551 illu-

395 1584 551 1615 strissimi
578 1583 704 1614 domini
731 1583 856 1613 domini
885 1582 1019 1613 Ascanii
1046 1583 1153 1614 Marie
1179 1583 1283 1614 sancti
1311 1582 1375 1613 Viti
1409 1581 1549 1613 Diaconi
1587 1580 1779 1613 Cardinalis
1816 1581 1943 1613 Sforcie

152 1665 370 1683 -ᾼᾼῖᾼ
397 1646 623 1684 Viceconiitis,
642 1648 827 1685 sancteque
848 1645 994 1678 Romane
1013 1645 1162 1677 Ecclesie
1180 1645 1451 1677 vicecancellarii
1471 1654 1508 1676 ac
1528 1644 1755 1685 Episcopatus
1770 1645 1945 1685 papiensis

128 1709 279 1749 perpetui
306 1709 602 1746 administratoris,
629 1717 688 1740 nec
715 1717 780 1739 non
808 1708 908 1739 huius
933 1708 1163 1739 florentissimi
1198 1708 1372 1748 papiensis
1398 1705 1586 1748 Gymnash,
1612 1707 1803 1747 apostolico
1829 1710 1860 1738 et
1887 1708 1945 1738 im-

128 1771 243 1812 periali
270 1771 466 1812 privilegiis,
492 1771 680 1802 cancellarii
708 1771 924 1808 meritissimi,
950 1771 1248 1802 vicecancellarius
1273 1770 1463 1810 specialiter
1489 1770 1680 1810 deputatus,
1723 1770 1890 1801 universis
1916 1773 1946 1801 et

128 1834 271 1875 singulis
297 1836 471 1874 presentes
497 1833 622 1865 litteras
649 1834 851 1873 inspecturis
885 1833 1024 1864 salutem
1052 1835 1083 1865 et
1109 1833 1327 1864 reverentiam
1355 1835 1419 1863 tam
1454 1832 1600 1863 debitam
1639 1841 1737 1872 quam
1776 1832 1944 1863 devotam.

217 1895 286 1928 Etsi
313 1896 460 1927 omnium
499 1905 559 1936 pro
597 1896 735 1927 scientie
774 1896 951 1936 margarita
987 1895 1179 1936 capesenda
1220 1895 1462 1932 insudantium,
1500 1894 1605 1925 virtus
1631 1894 1786 1934 exigente
1820 1894 1944 1925 iustitia

128 1959 241 1999 dignis
277 1959 318 1990 sit
356 1958 492 1999 premiis
530 1958 730 1996 decoranda,
769 1958 812 1989 illi
851 1960 959 1989 tamen
998 1958 1054 1998 qui
1093 1958 1124 1988 in
1162 1966 1258 1989 sacra
1295 1957 1475 1998 theologia,
1502 1966 1566 1997 que
1593 1960 1642 1988 est
1668 1957 1815 1987 omnium
1843 1959 1945 1988 mater

128 2022 228 2061 atque
254 2022 413 2062 magistra
438 2022 469 2052 et
494 2021 570 2052 fidei
609 2020 860 2052 fondamentum
887 2029 925 2051 ac
951 2020 1004 2051 via
1030 2022 1117 2051 recta
1143 2020 1184 2051 ad
1211 2019 1313 2050 vitam
1351 2021 1508 2057 eternam,
1546 2019 1681 2059 propria
1719 2018 1944 2058 relinquentes

129 2085 161 2114 et
185 2092 221 2114 se
248 2083 342 2123 ipsos
367 2083 586 2124 abnegantes,
613 2092 671 2123 per
697 2083 832 2114 diversa
859 2083 972 2114 mondi
998 2082 1131 2113 climata
1149 2080 1267 2114 Studia
1288 2083 1445 2119 rotarunt,
1471 2083 1502 2112 et
1529 2082 1559 2112 in
1585 2081 1634 2112 eis
1660 2083 1776 2112 noctes
1803 2090 1944 2121 persepe

129 2145 291 2176 ducentes
328 2145 536 2185 insompnes,
575 2145 748 2176 immensis
786 2145 959 2176 laboribus
986 2147 1016 2176 et
1041 2144 1236 2182 sudoribus,
1275 2144 1426 2174 bravium
1465 2144 1655 2184 attigerunt,
1697 2143 1839 2182 digniori
1867 2146 1943 2174 sunt

130 2207 255 2237 honore
282 2207 466 2246 premiandi
493 2209 523 2238 et
549 2207 664 2237 maiori
691 2207 874 2237 reverentie
901 2206 990 2237 dono
1017 2206 1209 2237 decorandi.
1235 2204 1320 2238 Cum
1348 2206 1460 2245 itaque
1495 2205 1674 2245 religiosus
1700 2207 1730 2236 et
1756 2205 1844 2235 omni
1880 2205 1944 2235 vir-

130 2270 197 2300 tute
224 2268 404 2300 laudabilis
430 2269 460 2299 in
487 2277 581 2300 sacra
618 2269 741 2308 pagina
779 2268 991 2300 bachalarius
1029 2269 1186 2299 dominus
1222 2268 1321 2299 frater
1362 2267 1528 2298 Iohannes
1554 2266 1693 2297 lambris
1719 2267 1758 2297 de
1785 2266 1942 2303 Turonis,

130 2329 268 2362 Ordinis
295 2330 535 2362 Heremitarum
562 2331 666 2361 sancti
694 2329 885 2371 Augustini,
912 2333 989 2370 post
1015 2332 1110 2361 actus
1136 2330 1339 2361 scolasticos
1365 2338 1423 2369 per
1448 2338 1522 2360 euin
1550 2329 1581 2359 in
1608 2329 1710 2359 variis
1743 2327 1871 2360 Studiis
1896 2328 1944 2360 fe-

130 2392 233 2424 liciter
258 2394 485 2430 consumatos,
527 2392 709 2432 deputatus
735 2391 833 2423 fuerit
857 2392 898 2423 ad
926 2392 1103 2433 legendum
1142 2390 1332 2423 Sententias
1359 2392 1389 2422 in
1415 2393 1581 2422 conventu
1620 2391 1725 2421 saneti
1763 2390 1940 2431 Augustini

128 2453 267 2486 Ordinis
292 2455 501 2486 eremitarum
529 2453 643 2495 Papie‚
671 2455 811 2494 ipseque
838 2454 937 2485 frater
963 2454 1129 2486 Iohannes
1156 2454 1349 2485 huiusznodi
1377 2452 1567 2485 Sententias
1594 2454 1624 2484 in
1651 2453 1742 2484 dicto
1775 2456 1940 2484 conventu

129 2516 342 2548 laudabiliter
367 2517 482 2557 legerit
508 2518 538 2547 et
564 2525 682 2547 omnes
719 2516 805 2547 alios
843 2518 938 2547 actus
975 2517 1175 2548 scolasticos
1213 2517 1244 2547 in
1283 2516 1509 2548 Universitate
1548 2515 1705 2555 Papiensi
1733 2516 1942 2547 exercendos

129 2588 236 2619 usque
262 2579 303 2610 ad
329 2579 469 2619 gradum
508 2579 689 2619 magisterii
727 2579 866 2610 feliciter
903 2580 1163 2617 c‹‘›nsumaverit‚
1201 2588 1238 2610 ac
1275 2579 1339 2610 sub
1376 2579 1520 2620 singulis
1554 2578 1748 2610 reverendis
1785 2577 1942 2610 Patribus

129 2649 223 2673 sacre
248 2641 416 2682 theologie
442 2642 611 2682 magistris
638 2642 737 2672 huius
762 2642 847 2673 alme
875 2641 1122 2679 Universitatis‚
1148 2642 1188 2672 dc
1214 2642 1329 2673 arduis
1355 2641 1592 2681 questionibus
1619 2641 1649 2671 in
1676 2640 1831 2672 facultate
1851 2641 1943 2672 theo-

129 2703 215 2744 logie
241 2704 499 2744 respondiderit,
526 2704 682 2744 aliosque
719 2706 817 2735 actus
855 2704 1059 2735 bachalariis
1085 2713 1145 2744 pro
1171 2703 1277 2735 forma
1315 2704 1506 2745 legentibus
1532 2703 1764 2735 incombentes
1791 2703 1942 2734 laudabi-

130 2765 202 2796 liter
225 2766 432 2797 exercuerit:
460 2766 498 2797 Et
524 2766 740 2806 postmodum
767 2775 878 2797 coram
906 2767 1004 2798 nobis
1030 2775 1090 2807 per
1115 2767 1318 2798 reverendos
1344 2767 1501 2798 dominos
1534 2767 1715 2807 magistros
1749 2764 1939 2797 Gometium

129 2827 319 2867 hyspanum
345 2828 521 2866 decanum,
547 2827 687 2860 Ordinis
714 2828 895 2865 Minorum,
922 2828 1098 2860 Marchum
1125 2829 1166 2860 de
1194 2828 1348 2862 Reclusis
1386 2828 1632 2860 Provincialem
1675 2827 1940 2863 Carmelitarum‚

130 2888 222 2921 Beda
247 2890 288 2921 de
314 2889 374 2921 Ast
399 2889 538 2922 Ordinis
564 2889 831 2929 Carmelitarum,
858 2890 1015 2922 Iacobum
1042 2891 1083 2922 de
1110 2889 1211 2923 Curte
1245 2889 1383 2923 Ordinis
1421 2890 1662 2922 Heremitarum
1681 2888 1742 2930 (1),
1768 2889 1939 2922 Stefanum

187 3046 217 3068 (1)
233 3045 299 3066 Frate
315 3045 425 3067 Giacomo
441 3046 513 3071 Corti,
529 3046 588 3067 della
604 3047 680 3067 nobile
695 3046 794 3073 fainiglia
811 3053 909 3073 pavcse,
925 3054 1008 3074 appar·
1062 3049 1144 3069 teneva
1159 3048 1180 3069 al
1196 3048 1317 3069 Convento
1333 3048 1354 3068 di
1371 3047 1393 3069 S.
1410 3048 1522 3073 Agostino
1538 3053 1602 3068 coine
1620 3047 1711 3068 Lettorc
1727 3047 1756 3068 tin
1768 3047 1804 3068 dal
1823 3047 1926 3069 1475ivni

1924 3100 1930 3119 1
