2305 3407
253 183 313 215 118

943 366 1365 407 DCCLXXXIX.

334 485 362 513 11
389 484 549 521 Capitolo
575 485 609 513 di
637 485 669 516 S,
697 484 872 520 Agostino
897 484 1055 512 rinuncia
1082 484 1125 512 ad
1150 493 1217 512 una
1243 484 1451 513 donazione.

903 606 1059 636 1622,
1091 606 1292 637 aprile,
1325 606 1403 631 13.

774 704 848 725 (Arch.
865 703 918 724 Not<
935 704 957 724 di
974 703 1044 724 Pavia
1061 715 1083 717 —
1100 704 1147 724 Ani
1163 703 1184 724 di
1202 703 1259 724 Gian
1275 703 1389 729 Agostino
1405 703 1514 724 Momsco
1530 721 1533 724 ,

351 908 398 1023 Ι
489 926 511 952 Ν
537 921 684 952 claustro
709 921 866 952 exteriori
894 920 1087 951 monasterii
1115 920 1220 951 sancti
1247 919 1426 960 Augustini
1455 918 1569 959 Papie,
1606 920 1778 960 appellato
1803 920 1951 951 elaustro
1978 929 2064 951 mor-

511 987 654 1014 tuorum.
681 982 861 1015 RIcordato
887 982 919 1013 Ia
945 982 1131 1013 donazione
1157 983 1240 1013 inter
1266 982 1376 1018 vivos,
1396 981 1487 1021 satta
1513 981 1570 1012 dal
1583 981 1692 1013 nobile
1708 980 1795 1014 Glari
1811 981 2066 1022 LuigiFolperti

322 1082 346 1083 Π
463 1082 475 1083 7
510 1045 545 1076 al
568 1046 726 1076 convento
753 1044 787 1075 cli
811 1043 843 1076 S.
871 1044 1044 1084 Agostino,
1081 1045 1116 1075 cli
1150 1043 1207 1075 life
1230 1045 1276 1076 50
1299 1044 1462 1085 irnperiflli
1486 1054 1502 1076 e
1527 1045 1690 1076 ricordato
1731 1044 1789 1076 clze
1814 1045 1837 1076 il
1861 1044 1948 1076 detto
1977 1043 2063 1077 Gran

242 1108 340 1147 Litigi
362 1109 453 1145 mori,
479 1107 651 1139 [asciando
677 1107 770 1138 molti
793 1106 895 1138 debiti·
917 1107 959 1137 ed
982 1115 1046 1137 una
1072 1107 1195 1138 erectim
1220 1107 1314 1138 assai
1342 1115 1513 1146 gravosa;
1546 1107 1569 1138 1'I
1596 1105 1748 1147 capitolo
1774 1107 1807 1137 uli
1832 1106 1864 1138 S.
1890 1106 2062 1146 Agostino,

241 1173 409 1210 composto
435 1171 489 1202 dei
513 1171 661 1209 religiosi
686 1170 844 1210 magister
870 1168 1007 1200 Gabriel
1035 1170 1075 1200 de
1103 1168 1207 1209 Papia
1234 1172 1340 1200 rector
1366 1168 1543 1200 provincie
1570 1169 1770 1200 Loinbardie
1796 1168 1935 1201 Ordinis
1962 1169 2065 1200 Here-

242 1233 428 1263 initarum...
456 1234 615 1273 magister
642 1232 807 1263 lohannes
834 1231 1066 1263 Bertolameus
1093 1232 1133 1263 de
1161 1232 1344 1263 Valmacha
1371 1231 1496 1262 Prior...
1525 1232 1684 1272 magister
1717 1230 1835 1263 Petrus
1860 1232 1901 1263 de
1926 1230 2065 1264 Castro-

241 1304 341 1330 novo,
368 1296 527 1335 magister
553 1293 740 1334 Gregorius
766 1294 807 1325 de
834 1293 993 1325 Vercellis
1034 1292 1285 1333 stanconam)...
1328 1294 1426 1325 frater
1468 1294 1600 1325 Luchas
1627 1294 1666 1325 de
1694 1293 1913 1334 Romagnano
1940 1294 2063 1325 bacha-

241 1358 354 1393 larius‚
381 1357 481 1388 frater
508 1356 675 1388 Antonius
701 1357 741 1388 de
769 1356 938 1387 Placentia
966 1356 1068 1388 lector
1093 1354 1318 1395 (cancellato),
1337 1356 1436 1387 frater
1455 1355 1634 1388 Cornelius
1652 1357 1693 1388 de
1713 1355 1933 1397 Romagnano
1951 1357 2063 1394 lector,

240 1420 339 1451 frater
365 1418 556 1451 Gulielmus
582 1420 622 1450 de
649 1418 821 1451 Sabaudia
848 1428 974 1456 cursor,
1003 1419 1101 1450 frater
1128 1418 1296 1450 Antonius
1321 1420 1362 1450 de
1389 1418 1594 1450 Alexandria
1613 1428 1740 1456 cursor,
1770 1419 1870 1450 frater
1900 1419 2064 1451 lohannes

241 1482 382 1513 lacobus
409 1482 449 1513 de
475 1480 668 1514 Castelacio
695 1490 822 1518 cursor,
847 1481 948 1512 frater
973 1480 1198 1513 Sebastianus
1224 1481 1264 1512 de
1291 1479 1422 1518 Caxali,
1462 1481 1563 1512 frater
1603 1480 1793 1513 Gulielinus
1831 1482 1872 1512 de
1912 1480 2062 1519 Silvano,

240 1544 338 1575 frater
365 1544 656 1584 Michaelangelus
681 1545 722 1575 de
751 1543 867 1584 Papia,
894 1543 993 1575 frater
1020 1543 1174 1575 Andreas
1201 1545 1240 1575 de
1268 1543 1373 1584 Papia
1414 1546 1620 1583 procurator,
1661 1543 1759 1575 frater
1785 1543 1997 1584 Augustinus
2023 1544 2064 1575 de

239 1605 417 1641 Cremona,
443 1606 542 1637 frater
568 1605 728 1646 Orpheus
755 1606 794 1637 de
822 1605 993 1643 Vercellis,
1020 1605 1119 1637 frater
1147 1606 1289 1637 Iacobus
1304 1607 1491 1643 alamanus,
1507 1606 1606 1637 frater
1625 1604 1859 1637 Christoforus
1877 1606 2064 1643 alamanus,

240 1669 338 1699 frater
363 1667 597 1700 Christoforus
622 1669 663 1699 de
691 1667 806 1708 Papia,
843 1667 943 1699 frater
981 1668 1147 1699 Iohannes
1185 1668 1352 1699 Antonius
1389 1669 1429 1699 (16
1467 1666 1640 1708 Oropeho,
1678 1667 1777 1698 frater
1803 1666 1996 1708 Stephanus
2021 1668 2062 1698 de

240 1731 351 1768 Lenta,
392 1731 492 1762 frater
533 1730 708 1761 Timoteus
746 1731 786 1761 de
828 1730 944 1770 Papia,
978 1730 1035 1770 piu
1061 1731 1096 1762 di
1119 1731 1181 1761 clue
1206 1731 1287 1762 lerzi
1310 1730 1362 1762 del
1389 1730 1550 1770 Cupi'tolo,
1589 1730 1898 1761 animadvertentes
1935 1730 2059 1761 bonum

242 1794 359 1824 zellum
386 1796 417 1824 et
444 1794 688 1830 liberalitatem,
716 1794 841 1833 quihus
867 1795 1035 1824 adversus
1061 1802 1121 1824 eos
1149 1802 1237 1824 uxus
1263 1793 1323 1824 fuit
1349 1793 1459 1824 dictus
1485 1793 1643 1824 dominus
1681 1792 1847 1824 lohannes
1889 1792 2061 1833 Aloysius,

240 1857 271 1887 in
298 1856 452 1887 faciendo
490 1856 554 1886 sibi
593 1856 715 1887 dictam
753 1856 988 1893 donacionem,
1015 1864 1031 1886 e
1056 1856 1263 1887 considerato
1289 1855 1321 1886 lo
1347 1857 1434 1886 stato
1471 1855 1522 1886 cie'
1546 1856 1621 1886 suoi
1644 1855 1741 1891 credi,
1777 1855 1968 1886 ri'mmciaemo
1994 1854 2061 1885 alla

239 1918 328 1949 cletta
354 1918 540 1949 clonazifflze
564 1927 580 1949 e
605 1918 751 1949 liberatio
774 1918 824 1958 gli
848 1918 936 1949 eredi
959 1918 1012 1949 del
1037 1918 1181 1958 Folperti
1205 1918 1247 1949 cla
1273 1918 1355 1957 ogni
1378 1917 1612 1957 obbligazione
1640 1926 1730 1949 verso
1756 1917 1779 1948 il
1803 1920 1960 1948 convento
1978 1915 2038 1956 (l).

1038 2154 1270 2195 DCCXC.

329 2283 356 2310 11
384 2283 482 2311 Duca
509 2283 708 2311 Francesco
734 2282 765 2310 11
791 2283 913 2310 Sforza
940 2283 1045 2310 fonda
1071 2291 1138 2310 una
1165 2282 1382 2318 cappellania
1409 2282 1441 2310 al
1469 2281 1631 2317 sepolcro
1657 2282 1691 2310 di
1718 2281 1751 2312 S.
1779 2281 1963 2317 Agostino.

884 2404 1048 2435 1622,
1078 2404 1324 2436 gitagrao,
1353 2404 1416 2428 11.

787 2502 864 2523 (Arc-h.
882 2501 961 2521 Notar.
978 2501 1000 2521 di
1017 2501 1087 2521 Pavia
1102 2512 1126 2514 —
1142 2502 1189 2522 Atti
1206 2501 1228 2521 di
1245 2500 1357 2522 Riccardo
1373 2500 1500 2522 Rovescnla
1515 2517 1518 2521 .

342 2695 388 2811 I
491 2713 512 2739 N
541 2709 676 2739 nornine
703 2707 849 2746 Domini,
864 2717 971 2739 amen.
998 2707 1096 2738 Anno
1122 2707 1318 2739 Nativitatis
1344 2707 1495 2739 eiusdem
1523 2707 1700 2738 millesimo
1716 2706 1988 2746 quingentesimo
2014 2706 2063 2736 vi-

510 2772 640 2812 gesimo
667 2772 829 2809 secundo,
856 2772 1017 2802 inditione
1055 2771 1196 2808 dec’irna,
1223 2771 1276 2802 die
1303 2770 1481 2801 undecimo
1519 2769 1646 2800 mensis
1672 2767 1764 2805 lunii,
1792 2769 1871 2799 hora
1898 2776 1984 2799 none
2010 2768 2061 2799 vel

510 2835 633 2871 circha,
660 2835 689 2865 in
717 2834 852 2865 civitate
879 2832 994 2874 Papie,
1021 2833 1178 2864 videlicet
1205 2833 1236 2863 in
1263 2831 1385 2864 Castro
1400 2840 1522 2871 magno
1536 2831 1612 2862 etin
1629 2830 1712 2862 salla
1730 2830 1895 2871 superiori
1922 2839 2062 2871 respon-

244 2896 342 2927 dente
369 2905 488 2927 versus
516 2895 691 2931 Parchuin,
718 2896 780 2927 sita
808 2896 838 2926 in
867 2895 965 2927 Porta
992 2894 1104 2927 Sancti
1133 2894 1219 2926 Petri
1246 2894 1287 2925 ad
1315 2894 1461 2929 Murum,
1489 2892 1651 2924 parochie
1677 2895 1790 2924 sancte
1810 2891 1915 2923 Marie
1942 2893 1973 2923 in
1989 2901 2062 2932 per-

319 3071 337 3093 Ι)
352 3070 377 3090 Al
393 3071 405 3090 5
421 3070 441 3090 di
459 3075 537 3090 marzo
567 3070 617 3090 1522
640 3075 682 3090 con
707 3072 757 3090 :itio
773 3069 794 3089 di
812 3069 913 3094 ippolito
928 3069 1037 3094 Tan-oni,
1050 3068 1130 3094 frater
1185 3068 1327 3088 Laurentius
1343 3067 1371 3088 de
1386 3066 1517 3087 Pixonibus
1529 3066 1598 3092 filius
1614 3068 1636 3087 e!
1652 3067 1720 3087 heres
1745 3067 1888 3087 universalis
1913 3072 1973 3087 nunc
1988 3072 2059 3092 quon>
