2305 3407
1887 174 1951 203 Χιι

228 301 306 334 item
332 303 429 342 pacto
462 303 496 333 ut
521 309 624 341 supra
653 300 744 340 quod
779 300 919 340 praefati
950 299 1015 335 Ra.
1041 300 1264 341 Emptores....
1289 302 1320 332 et
1352 300 1441 332 dicta
1474 299 1514 332 D.
1541 300 1641 334 Lucia
1671 303 1845 333 teneantur
1878 301 1954 333 hinc

141 374 182 406 ad
209 381 344 406 menses
369 381 430 407 sex
456 373 610 414 proxime
635 371 777 409 futuros,
803 373 967 413 expensis
991 375 1101 405 tamen
1128 371 1355 413 praefatorum
1382 370 1455 403 DD.
1482 371 1766 412 Emptorum....
1792 372 1901 404 facere
1927 375 1957 404 et

140 454 255 477 curare
280 453 355 476 cum
380 444 497 494 effectu
523 443 615 484 quod
640 443 729 475 dicta
755 443 843 475 bona
868 446 899 475 et
925 444 996 475 iura
1022 445 1056 475 ut
1080 452 1183 484 supra
1209 443 1356 480 vendita,
1374 443 1417 474 ad
1435 443 1548 475 cridas
1574 446 1742 484 ponantur
1759 452 1833 475 cuni
1857 444 1959 475 bene-

142 516 219 547 ficio
244 514 456 546 Provisionis
489 511 655 546 Comunis
689 512 814 554 Papiae
847 516 877 545 et
910 515 1078 554 quatenus
1110 514 1271 554 expediat
1296 512 1461 545 Coniunis
1491 514 1688 549 Mediolani.
1722 516 1753 545 et
1779 514 1834 545 ubi
1861 514 1959 545 dictis

139 586 242 618 cridis
266 585 551 618 contradiceretur
576 585 645 616 iure
679 585 817 616 dominii
845 585 895 616 vel
922 586 1032 626 quasi,
1062 586 1113 618 vel
1141 586 1210 617 iure
1244 586 1463 626 obligationis
1489 588 1519 618 et
1553 587 1742 628 hypothece
1771 589 1828 618 aut
1861 587 1958 618 etiam

142 658 269 688 ratione
295 657 539 697 possessionis,
564 656 659 687 aliter
684 665 784 696 quam
811 656 898 688 facto
923 660 954 689 et
979 657 1079 698 culpa
1114 657 1340 698 praefatorum
1369 657 1432 691 RR.
1460 657 1532 689 DD.
1560 658 1753 699 Emptoruni
1771 684 1776 689 .
1793 684 1798 689 .
1815 684 1843 689 ..
1870 659 1960 698 quod

143 728 292 769 praefata
318 727 357 759 D.
385 728 528 759 Lucia...
555 730 706 759 teneatur
732 729 804 760 suis
829 729 1037 769 expensis...
1066 729 1153 760 bona
1180 729 1311 760 liberari
1339 729 1447 761 facere
1473 730 1515 761 ab
1548 730 1706 761 omnibus
1731 730 1964 761 contradictio-

143 800 244 831 nibus
268 801 300 830 et
325 800 406 830 haec
431 799 543 830 omnia
570 799 642 830 suis
667 800 841 839 expensis,
867 802 898 831 et
925 800 980 831 ubi
1006 801 1238 840 evincerentur
1272 802 1302 832 in
1330 803 1399 832 toto
1426 801 1476 832 vel
1504 802 1535 832 in
1563 803 1666 842 parte,
1693 802 1783 841 quod
1810 802 1897 832 dicta
1924 800 1964 832 D.

142 871 318 903 Venditrix
345 872 495 903 teneatur
521 871 562 902 ad
597 871 839 902 restitutionem
866 873 983 912 praetii
1010 881 1069 903 seu
1096 873 1201 913 partis
1234 881 1333 913 quarn
1369 874 1538 913 recepisse
1572 874 1752 913 reperietur
1785 874 1826 904 ad
1862 876 1964 904 ratani

144 943 307 974 bonorum
333 943 519 973 evictorum
545 951 618 973 cuin
646 942 805 973 omnibus
831 944 1008 983 expensis,
1035 944 1177 979 damnis,
1206 945 1380 976 interesse.
1407 946 1469 976 etc.

233 1013 272 1044 Et
305 1022 365 1054 pro
391 1014 551 1053 predictis
577 1013 793 1045 attendendis
827 1023 884 1054 per
911 1014 1095 1054 praefatam
1123 1014 1161 1046 D.
1188 1015 1452 1046 venditricem...
1478 1015 1587 1047 extitit
1619 1015 1801 1047 fideiussor
1833 1015 1968 1046 Nobilis

145 1085 185 1117 D.
211 1084 423 1126 Pomponius
450 1086 489 1116 de
525 1084 652 1126 perego
678 1087 752 1117 eius
785 1086 885 1121 filius,
912 1089 973 1117 etc.
1010 1085 1262 1118 Rsnunciando.
1289 1088 1350 1117 etc.
1377 1085 1516 1126 insuper
1549 1087 1752 1124 iuraverunt,
1779 1088 1839 1117 etc.
1873 1084 1967 1123 Quae

143 1157 266 1193 omnia,
293 1158 353 1188 etc.
381 1156 418 1187 Et
445 1157 485 1187 de
520 1156 702 1196 praedictis
737 1159 889 1197 rogatum
915 1156 977 1188 fuit
1011 1166 1068 1197 per
1095 1166 1156 1188 nos
1184 1157 1342 1189 iacobum
1377 1157 1519 1188 Mariam
1546 1157 1767 1189 Ultrabeilum
1803 1158 1967 1188 notarium

147 1229 343 1269 papiensem
369 1228 467 1259 etiam
501 1237 574 1258 cum
610 1228 774 1259 beneficio
801 1228 981 1260 litterarum
1016 1229 1210 1269 patentium,
1238 1231 1299 1260 etc.
1327 1238 1385 1260 nec
1419 1238 1483 1259 non
1520 1228 1726 1260 Bernarduni
1761 1228 1903 1260 podium
1938 1231 1969 1260 et

148 1300 363 1331 Franciscum
391 1298 579 1331 Palearium
607 1300 757 1331 notarios
784 1300 1056 1331 mediolanenses
1074 1301 1173 1331 etiam
1200 1301 1231 1330 in
1251 1300 1408 1330 solidum.
1429 1298 1546 1330 Actum
1567 1299 1597 1329 in
1625 1299 1725 1329 domo
1752 1299 1970 1329 habitationis

148 1372 286 1413 praefati
314 1372 358 1403 111.
388 1375 418 1403 et
445 1372 491 1403 Μ.
519 1372 689 1413 Magnifici
718 1371 756 1403 D.
784 1371 968 1403 Palavicini
996 1373 1058 1403 sita
1094 1373 1123 1402 in
1152 1370 1251 1402 Porta
1278 1370 1448 1402 Ticinensi
1476 1371 1506 1401 in
1534 1369 1699 1401 Parochia
1726 1369 1758 1401 S.
1793 1370 1970 1401 Michaelis

148 1445 190 1476 ad
216 1443 355 1476 Clusam
384 1444 614 1475 Mediolani...
642 1443 774 1481 Testes,
800 1446 862 1475 etc.
883 1456 894 1465 »

239 1529 304 1563 14.
331 1531 578 1565 Concludendo
604 1535 723 1573 questa
751 1532 984 1564 lntroduzione
1010 1533 1036 1563 ci
1072 1532 1205 1563 sembra
1231 1532 1263 1562 di
1296 1533 1390 1571 poter
1423 1531 1566 1562 asserire
1596 1531 1655 1561 che
1681 1533 1802 1570 questo
1836 1531 1970 1562 volume

148 1606 234 1645 porti
263 1614 305 1636 un
331 1604 523 1636 contributo
550 1604 707 1635 notevole
733 1604 799 1634 alla
826 1603 1054 1647 illustrazione
1081 1603 1113 1634 di
1141 1612 1182 1634 un
1211 1603 1351 1643 periodo
1377 1603 1464 1634 della
1491 1603 1594 1634 storia
1621 1611 1746 1643 pavese
1772 1603 1844 1639 che,
1877 1611 1970 1634 come

149 1676 325 1713 dicemino‚
351 1676 367 1706 'e
394 1676 494 1715 pieno
526 1675 558 1706 di
587 1676 769 1706 incertezze
795 1686 811 1706 e
837 1675 869 1706 di
903 1674 1060 1706 oscurita.
1088 1673 1185 1711 Esso,
1212 1674 1293 1704 oltre
1323 1683 1340 1705 a
1367 1673 1489 1705 fornire
1526 1674 1590 1705 3113
1617 1674 1720 1705 storia
1754 1674 1830 1705 dell‘
1845 1672 1972 1705 Ordine

149 1747 363 1788 agostiniano
380 1756 421 1778 un
442 1747 530 1778 ricco
547 1747 716 1778 materiale
734 1749 818 1778 tutto
836 1747 973 1783 inedito,
989 1746 1085 1777 salvo
1104 1745 1248 1785 qualche
1264 1745 1433 1776 rarissima
1453 1746 1641 1781 eccezhme,
1655 1754 1671 1777 e
1688 1754 1745 1785 per
1759 1744 1792 1777 S.
1807 1744 1973 1785 Agostino

151 1827 169 1850 e
194 1827 252 1858 per
277 1816 310 1849 S.
336 1817 440 1849 Paolo
467 1827 483 1849 e
510 1827 567 1858 per
600 1816 632 1849 S.
661 1817 833 1853 Mostiola,
860 1826 935 1848 reca
967 1826 1009 1848 un
1043 1817 1177 1848 cumulo
1212 1818 1244 1848 di
1272 1818 1392 1849 notizie
1419 1818 1504 1849 sulle
1537 1818 1726 1849 condizioni
1761 1817 1905 1858 generali
1940 1817 1972 1848 di

152 1889 266 1921 Pavia.
292 1890 353 1921 che
380 1899 444 1921 non
472 1892 638 1930 potranno
664 1898 775 1921 essere
802 1891 986 1921 trascurate
1012 1889 1054 1920 da
1080 1889 1130 1920 chi
1159 1889 1255 1920 vorra
1289 1889 1484 1920 continuare
1511 1888 1564 1920 dal
1599 1889 1712 1920 secolo
1740 1888 1810 1919 XVi
1838 1888 1856 1918 l’
1871 1897 1973 1928 opera

153 1961 205 1992 del
232 1960 400 1997 Robolini2
427 1963 494 1992 trae
521 1961 608 1992 dalle
635 1961 769 1992 tenebre
796 1961 940 2000 qualche
967 1970 1064 1992 nome
1091 1960 1309 1992 dimenticato
1336 1960 1422 1991 nella
1440 1961 1525 1992 serie
1551 1960 1603 1991 dei
1631 1960 1815 2000 professori
1843 1960 1975 1991 univer-

153 2033 270 2069 sitarii,
296 2042 390 2064 come
416 2032 531 2073 quello
557 2033 588 2063 di
616 2032 652 2063 fr.
680 2031 805 2073 Spirito
833 2032 981 2063 Visconti
1009 2041 1025 2063 e
1052 2032 1084 2063 di
1111 2031 1148 2062 fr.
1175 2030 1276 2063 Sante
1304 2031 1449 2069 Alessi0;
1477 2032 1613 2063 rettifica
1639 2032 1757 2063 alcune
1776 2033 1974 2064 inesattezae

153 2103 391 2145 cronologiche
410 2105 609 2135 insinuatesi
637 2104 723 2135 nella
742 2106 851 2135 stessa
869 2104 965 2134 serie*
985 2112 1078 2134 come
1104 2102 1216 2142 quella
1231 2103 1291 2133 che
1311 2103 1467 2143 riguarda
1494 2103 1773 2143 l'insegnamento
1787 2112 1803 2134 e
1822 2103 1851 2134 13
1871 2105 1974 2134 morte

155 2176 208 2207 del
235 2175 427 2216 professore
458 2175 644 2207 Francesco
678 2176 858 2212 Marchesi,
884 2175 925 2207 ed
951 2175 1032 2206 altre
1059 2174 1258 2206 insinuatesi
1293 2174 1380 2205 nella
1414 2175 1498 2206 serie
1531 2175 1583 2206 dei
1618 2174 1762 2206 Vescovi
1797 2175 1829 2206 di
1859 2174 1975 2213 Pavia,

155 2256 248 2278 come
274 2247 384 2287 quella
411 2248 626 2288 riguardante
654 2248 672 2278 11
704 2246 804 2279 Card.
831 2247 987 2278 Vescovo
1014 2246 1161 2277 Antonio
1190 2246 1297 2277 Maria
1323 2244 1460 2278 Ciocchi
1486 2247 1538 2277 del
1559 2247 1675 2278 Monte
1701 2248 1762 2278 che
1781 2256 1976 2287 governava

158 2318 186 2349 la
212 2317 346 2349 Diocesi
373 2327 495 2350 ancora
522 2318 573 2350 nei
599 2319 725 2359 giugno
752 2318 805 2350 del
836 2318 918 2350 1522
942 2315 1034 2357 (doc.
1060 2326 1090 2349 n.
1118 2315 1298 2356 DCCXC).
1317 2319 1443 2348 mentre
1469 2318 1495 2349 si
1523 2318 1637 2349 ritiene
1662 2318 1764 2350 abbia
1789 2319 1976 2349 rinunciato

157 2389 378 2430 l'episcopato
405 2397 532 2430 pavese
558 2389 609 2421 sin
636 2388 690 2420 dal
720 2389 803 2421 1520
819 2386 881 2428 (l);
907 2397 1067 2429 corregge
1092 2388 1236 2428 qualche
1262 2389 1460 2429 particolare
1486 2390 1618 2421 intorno
1644 2399 1661 2421 a
1688 2399 1832 2430 persone
1858 2390 1978 2430 impor-

155 2461 247 2498 tanti,
267 2470 332 2491 non
360 2461 443 2492 bene
470 2460 688 2492 determinate
706 2461 747 2492 da
766 2460 838 2492 altri
858 2460 983 2496 storici,
1004 2468 1100 2491 come
1126 2459 1238 2499 quello
1266 2460 1397 2492 intorno
1415 2470 1432 2492 a
1451 2460 1488 2492 fr.
1509 2461 1756 2502 Michelangelo
1775 2460 1895 2499 Pietra,
1914 2462 1976 2493 che

155 2535 247 2564 tanto
265 2533 293 2564 si
319 2533 462 2564 distinse
489 2532 706 2564 nell’assedio
733 2533 763 2563 di
784 2531 900 2569 Ρ3ν13,
919 2541 935 2563 e
955 2532 986 2563 di
1005 2532 1056 2563 cui
1077 2540 1141 2562 non
1161 2531 1255 2572 parlo
1274 2540 1335 2563 con
1363 2533 1553 2572 precisione
1571 2532 1591 2564 11
1612 2532 1787 2573 Magenta;
1813 2541 1890 2570 ecc.‚
1908 2541 1976 2564 ecc.

248 2604 304 2635 Ma
330 2604 382 2635 chi
410 2604 533 2644 meglio
558 2603 758 2644 apprezzera
785 2606 907 2643 questo
937 2603 1071 2634 volume
1104 2603 1178 2634 sara
1211 2605 1412 2635 certamente
1446 2603 1606 2636 i'Ordine
1632 2604 1720 2645 degli
1751 2603 1976 2645 Agostiniani‚

158 2677 165 2707 i
192 2676 282 2716 quali
310 2676 482 2707 vedranno
507 2685 569 2707 con
596 2675 851 2707 soddisfazione
878 2675 1035 2706 rievocati
1063 2675 1070 2705 i
1098 2674 1168 2705 loro
1193 2674 1316 2706 antichi
1351 2674 1547 2711 confratelli,
1576 2675 1637 2706 che
1654 2684 1717 2706 con
1744 2675 1773 2706 la
1799 2675 1934 2706 scienza
1959 2684 1976 2706 e

159 2757 222 2780 con
249 2748 278 2779 la
305 2748 401 2780 virtu.
427 2757 486 2789 per
510 2748 529 2778 il
557 2748 697 2788 periodo
723 2748 755 2779 di
781 2748 823 2779 66
848 2748 935 2783 anni,
956 2747 1041 2779 nella
1067 2747 1145 2778 cittii
1171 2747 1203 2778 di
1222 2745 1326 2778 Pavia
1352 2745 1473 2777 furono
1499 2746 1531 2777 di
1559 2746 1663 2778 lustro
1689 2746 1718 2777 al
1739 2746 1809 2777 loro
1836 2745 1975 2778 istituto.

160 2817 339 2849 Vedranno
366 2818 394 2850 le
419 2827 496 2850 cure
522 2827 538 2849 e
561 2818 588 2850 le
614 2819 708 2850 ansie
734 2827 796 2850 con
823 2819 886 2850 cui.
913 2819 943 2849 in
971 2818 1179 2851 circostanze
1211 2817 1370 2858 politiche
1396 2817 1437 2849 ed
1463 2818 1685 2849 economiche
1719 2818 1810 2848 tanto
1836 2816 1976 2854 difficili,

215 2976 246 2999 (1)
261 2976 284 2997 F.
301 2976 411 3000 ΜΑῦΑΝΙ,
429 2976 573 2998 Cronomssi
587 2976 626 2997 dei
641 2976 735 2998 Vestam*
745 2977 770 2997 di
785 2976 866 3000 Ρανίιι,
883 2976 961 3001 Ρ3ν13,
978 2976 1036 2997 Arii·
1091 2976 1191 3002 gianelii,
1209 2976 1267 3001 1894,
1283 2982 1336 3003 pag.
1352 2977 1434 2998 922-23.
