2305 3407
216 171 260 202 66

217 304 295 334 dicti
322 301 471 335 Ordinis.
499 302 592 333 iuxta
631 301 743 342 ipsius
780 299 920 332 Ordinis
962 300 1057 330 ritum
1084 301 1115 329 et
1141 298 1278 335 stillum,
1320 300 1419 338 prout
1444 298 1493 329 sic
1519 297 1589 329 fore
1615 306 1729 329 verum
1771 298 1850 330 dicti
1877 298 2036 331 dominus

219 364 441 396 provincialis
466 364 635 404 ceterique
661 362 847 395 Officialles
872 364 903 393 et
930 361 1060 393 Fratres
1098 360 1321 401 prenominati
1358 360 1484 397 dicunt,
1509 360 1710 391 confitentur
1745 362 1776 391 et
1809 362 2035 401 protestantur

217 436 390 468 expresse.
417 429 537 467 sponte
563 429 593 458 et
619 427 708 457 omni
748 426 827 461 iure,
864 427 924 456 etc.
963 432 1076 455 eorum
1115 423 1310 454 nominibus
1335 431 1373 454 ac
1399 423 1533 454 nomine
1559 425 1589 454 et
1616 423 1687 454 vice
1728 423 1831 454 totius
1869 423 1932 455 iam
1958 424 2036 455 dicti

218 499 332 521 eorum
359 488 498 521 Ordinis
524 492 554 521 et
580 488 768 525 Provincie,
794 488 875 519 citra
902 487 1162 523 revocationem,
1199 488 1259 517 etc.
1297 485 1456 521 fecerunt,
1493 486 1749 523 constituerunt,
1776 488 1974 517 creaverunt
1999 489 2031 517 et

219 553 470 588 ordinaverunt,
496 561 534 583 ac
561 552 697 587 faciunt,
724 551 944 586 constituunt,
981 551 1094 580 creant
1120 551 1151 580 et
1177 548 1332 579 ordinant
1358 547 1522 588 prefatum
1550 548 1770 580 reverendum
1797 556 1890 580 sacre
1917 549 2038 589 pagine

220 614 446 655 professorem
473 614 645 645 dominum
673 613 867 653 magistrum
896 611 1172 643 Francischinum
1199 610 1239 641 de
1266 608 1468 647 Castelacio,
1495 609 1739 642 Provincialem
1767 610 1963 651 predictum,
1994 611 2037 642 ibi

220 680 408 717 presentem
434 679 464 708 et
491 685 577 708 onus
603 676 768 716 presentis
795 675 941 706 mandati
969 675 1000 705 in
1028 682 1064 705 se
1090 675 1212 714 sponte
1239 673 1491 713 suscipientem,
1517 681 1631 704 eorum
1657 675 1688 704 et
1713 674 1816 704 totius
1857 673 1920 704 iam
1962 673 2039 705 dicti

221 739 359 771 Ordinis
385 743 415 770 et
443 739 618 770 Provincie
645 738 855 775 Lombardie,
881 739 1016 774 certum,
1043 745 1157 767 verum
1184 737 1214 766 et
1241 735 1465 766 indubitatum
1496 735 1646 772 missum,
1673 735 1843 773 nuncium,
1870 735 2038 767 sindicum

221 805 251 833 et
279 804 537 842 procuratorem,
564 803 624 832 etc.
651 800 692 831 ad
719 808 837 831 omnes
862 801 892 830 et
918 799 1071 839 singulas
1108 805 1242 835 causas,
1268 799 1330 829 etc.
1358 796 1434 828 Item
1462 799 1493 828 et
1519 797 1719 837 specialiter,
1746 798 1789 828 ita
1814 799 1922 829 tamen
1950 797 2041 838 quod

222 872 280 903 per
306 863 548 903 specialitatem
576 862 784 903 generalitati
811 870 877 892 non
905 861 1094 901 derogetur,
1121 862 1183 891 etc.
1211 869 1270 900 pro
1296 862 1364 891 tota
1391 860 1466 900 ipsa
1492 858 1671 891 Provincia
1697 862 1729 891 et
1754 858 1880 892 Ordine
1914 862 1945 891 et
1970 855 2043 891 eius

223 926 356 956 nornine
384 925 629 965 impetrandum
656 927 686 955 et
712 924 932 955 obtinendum
959 931 1193 963 quascumque
1220 923 1346 954 litteras
1372 925 1402 954 et
1429 922 1539 953 bullas
1576 924 1641 954 tam
1676 921 1885 962 apostolicas
1910 924 1941 954 et
1967 931 2044 954 san-

222 988 363 1018 ctissimi
392 986 524 1017 Domini
553 987 656 1018 nostri
685 985 787 1026 Pape,
815 995 913 1026 quam
941 985 1214 1016 reverendissimi
1240 985 1366 1016 domini
1393 985 1520 1016 domini
1546 983 1723 1017 Generalis
1749 985 1858 1024 ipsius
1894 983 2042 1022 Ordinis,

224 1053 288 1080 tam
315 1049 484 1089 gratiosas
510 1058 610 1089 quam
639 1049 804 1080 iusticiam
833 1049 863 1079 in
891 1057 926 1079 se
953 1048 1175 1084 continentes,
1209 1049 1270 1079 etc.
1297 1049 1327 1078 et
1353 1047 1544 1087 specialiter
1570 1048 1604 1078 ut
1630 1055 1732 1087 supra
1758 1046 1799 1077 ad
1826 1048 1857 1078 et
1883 1055 1943 1087 pro
1970 1047 2043 1087 ipsa

224 1114 291 1142 tota
319 1110 498 1143 Provincia
525 1114 555 1142 et
581 1110 708 1143 Ordine
750 1111 954 1147 habendum,
991 1110 1186 1150 petendum,
1223 1110 1427 1150 exigendum
1465 1112 1496 1141 et
1521 1109 1800 1149 consequendum
1826 1111 1858 1140 et
1884 1109 2045 1140 habuisse

223 1174 450 1205 confitendum
493 1182 725 1214 quascumque
766 1174 990 1210 denariorum,
1025 1181 1131 1204 rerum
1170 1175 1200 1203 et
1237 1172 1402 1203 honorum
1430 1173 1646 1213 quantitates,
1673 1180 1758 1212 quas
1785 1172 1857 1212 ipse
1884 1170 1977 1203 Ordo
2003 1172 2044 1203 de

223 1237 312 1268 dicta
339 1236 518 1268 Provincia
546 1236 667 1268 habere
693 1237 794 1268 debet
819 1238 850 1268 et
877 1236 908 1267 in
934 1235 1081 1267 futurum
1108 1235 1245 1266 debebit
1270 1243 1288 1266 a
1315 1235 1588 1275 quibuscumque
1614 1234 1781 1275 personis,
1807 1236 1867 1265 etc.
1906 1232 2048 1265 presen-

226 1299 327 1336 tibus,
354 1301 414 1330 etc.
442 1299 518 1330 inde
544 1299 688 1330 testibus
705 1296 766 1338 (1).

981 1473 1280 1514 DCCXXII.

317 1582 554 1611 Transazioni
580 1583 635 1611 del
662 1583 843 1611 Convento
869 1583 903 1610 di
930 1583 966 1612 S.
994 1583 1105 1611 Paolo
1138 1591 1199 1619 per
1235 1582 1257 1610 1'
1275 1582 1410 1610 eredita
1436 1582 1492 1610 del
1518 1582 1597 1610 nob.
1626 1581 1801 1610 Giovanni
1828 1580 1921 1609 della
1946 1580 2048 1609 Riva.

846 1706 992 1736 1510,
1022 1706 1372 1737 settembre,
1402 1705 1454 1732 ¹7.

761 1803 835 1825 (arch,
853 1803 905 1823 Not.
923 1803 944 1823 di
962 1802 1031 1823 Pavia
1048 1814 1071 1816 —
1088 1803 1135 1823 Atti
1152 1802 1173 1823 di
1190 1802 1247 1823 Gian
1264 1802 1391 1823 Domenicu
1408 1802 1514 1823 Ferrarii.

306 1986 412 2104 C
480 2005 535 2031 UM
563 2001 624 2032 hoc
650 2001 692 2032 sit
719 2001 809 2040 quod
837 2001 878 2032 de
903 2010 992 2032 anno
1023 2000 1114 2037 1505,
1133 2000 1186 2031 die
1204 2000 1247 2031 20
1266 2001 1392 2032 mensis
1419 1999 1513 2037 lunii,
1540 1999 1664 2031 nobilis
1691 1999 1861 2039 quondam
1890 1998 2056 2029 lohannes

502 2063 542 2094 de
569 2063 598 2094 la
625 2062 745 2104 ffippa,
771 2064 856 2094 civis
883 2064 1070 2104 papiensis,
1096 2063 1185 2094 filius
1211 2062 1382 2103 quondam
1411 2062 1536 2093 domini
1564 2060 1735 2099 Gulielmi,
1761 2070 1796 2092 se
1823 2063 1854 2092 et
1880 2061 1967 2092 bona
1995 2069 2055 2092 sua

438 2161 457 2162 ψ
501 2125 671 2157 obtullerit
712 2126 915 2157 monasterio
957 2126 1064 2157 sancti
1107 2123 1214 2162 Pauli,
1245 2123 1385 2156 Ordinis
1411 2125 1516 2156 sancti
1544 2123 1723 2165 Augustini
1750 2124 1791 2155 de
1816 2121 2055 2160 Observantia,

233 2189 326 2218 extra
353 2197 466 2219 muros
492 2188 687 2228 papienses,
714 2190 748 2220 ut
773 2191 928 2219 constare
955 2188 1312 2219 diciturinstruinento
1328 2187 1510 2227 superinde
1525 2186 1687 2224 confecto,
1706 2187 1823 2227 rogato
1838 2194 1896 2226 per
1911 2184 2060 2217 Bertola-

236 2258 342 2280 mcum
370 2250 410 2281 de
436 2249 596 2291 Sigalinis
622 2251 787 2281 notarium
814 2251 1056 2290 papiensem...
1083 2248 1238 2290 Cumque
1265 2250 1481 2290 postmodum
1497 2250 1538 2281 de
1553 2258 1642 2280 anno
1661 2249 1753 2287 1507,
1769 2247 2057 2280 dictuslohannes

234 2321 330 2343 suum
359 2312 509 2343 ultimum
536 2313 724 2344 condiderit
750 2315 996 2350 testamentum,
1024 2313 1054 2343 in
1082 2321 1149 2352 quo
1175 2312 1368 2343 cassavit...
1395 2311 1599 2343 oblationem
1627 2311 1809 2352 predictam
1840 2312 1870 2342 et
1901 2310 2056 2341 heredem

235 2383 332 2405 suum
360 2375 584 2406 universalem
623 2376 765 2406 instituit
803 2375 1040 2406 Francischum
1067 2375 1108 2406 de
1135 2374 1165 2406 la
1191 2374 1299 2415 Rippa
1315 2375 1387 2406 eius
1413 2375 1730 2414 nepotem,etdicto
1757 2373 1971 2405 monasterio.
1998 2381 2056 2403 seu

237 2436 407 2467 Fratribus
434 2437 464 2467 in
491 2446 530 2467 eo
557 2437 799 2470 habitantibus.
815 2437 928 2468 iecerit
944 2437 1088 2478 legatum
1108 2437 1310 2468 florenorum
1338 2439 1531 2474 tercentum,
1557 2439 1591 2467 ut
1617 2438 1771 2467 constare
1785 2436 1907 2467 dicitur
1921 2434 2058 2475 publico

237 2498 459 2529 instrumento
486 2500 675 2530 testamenti
703 2499 825 2530 tradito
851 2501 881 2530 et
908 2502 1025 2540 rogato
1051 2508 1109 2539 per
1136 2498 1323 2539 Baptistam
1350 2499 1391 2530 de
1417 2499 1566 2530 Monetis
1593 2499 1768 2531 notarium,
1802 2506 1890 2529 anno
1909 2497 2058 2537 predicto

242 2560 334 2596 1507,
361 2560 414 2591 die
440 2561 460 2591 6
487 2561 612 2591 mensis
639 2561 749 2592 maii...
776 2560 930 2601 Cumque
957 2564 1034 2601 post
1060 2561 1187 2592 obitum
1214 2561 1293 2592 dicti
1321 2560 1490 2598 Iohannis,
1516 2560 1655 2592 suborta
1681 2559 1780 2591 fuerit
1807 2559 1846 2591 lis
1872 2561 1902 2590 et
1927 2561 2059 2590 contro-

239 2622 349 2652 versia
376 2622 458 2652 inter
485 2622 697 2653 venerabiles
738 2622 896 2653 dominos
937 2622 1086 2654 Priorem
1114 2626 1143 2654 et
1171 2622 1302 2654 Fratres
1328 2623 1406 2654 dicti
1434 2622 1627 2654 monasterii
1655 2624 1747 2662 parte
1774 2630 1849 2658 una,
1876 2624 1906 2652 et
1933 2621 2057 2652 dictum

241 2682 465 2720 Franciscum,
492 2687 584 2723 parte
610 2684 723 2721 altera,
749 2694 790 2715 ex
817 2694 857 2715 eo
883 2685 1028 2716 maxime
1066 2686 1144 2725 quia
1186 2694 1246 2726 pro
1288 2687 1380 2725 parte
1422 2685 1585 2716 dictorum
1628 2685 1839 2715 dominorum
1879 2682 2003 2714 Prioris
2028 2686 2058 2714 et

241 2743 389 2775 Fratrum
417 2745 493 2776 dicti
522 2746 713 2776 monasterii
741 2746 905 2777 diceretur
931 2749 961 2777 et
987 2746 1186 2786 allegaretur
1212 2747 1430 2778 hereditatem
1457 2749 1487 2777 et
1513 2746 1601 2784 bona
1620 2754 1831 2785 quecumque
1859 2745 2003 2776 relictam
2029 2747 2059 2776 et

314 2903 331 2925 1)
347 2901 436 2926 Questo
452 2902 593 2922 documento
608 2902 620 2922 ὲ
636 2902 753 2927 preziozo,
770 2902 853 2927 perch'c
864 2903 882 2923 ci
895 2902 993 2923 lorniscc
1010 2908 1053 2923 una
1069 2903 1122 2923 lista
1179 2904 1191 2923 il
1208 2903 1325 2929 Capitolo,
1350 2903 1396 2923 allo
1418 2908 1491 2928 scopo
1507 2903 1529 2923 di
1545 2903 1680 2928 oppon-arvi
1704 2903 1780 2928 quella
1803 2902 1946 2928 tranquillita
1969 2908 1980 2922 e
2003 2902 2055 2927 quel

246 2946 281 2966 dei
299 2946 358 2967 norni
376 2946 413 2971 piu
431 2946 482 2967 belli
499 2946 534 2967 dci
551 2946 658 2972 Religiosi
675 2947 822 2972 componenti
839 2947 859 2967 la
872 2946 991 2967 Provincia
1004 2947 1122 2968 lombarda
1180 2948 1305 2973 prestigio,
1328 2947 1441 2972 alquanto
1457 2947 1543 2967 turbati
1560 2952 1600 2972 per
1617 2947 1620 2967 i
1638 2947 1685 2967 noti
1701 2946 1809 2967 incidenti
1828 2946 1864 2967 dcl
1887 2947 2057 2967 carnbiainento

246 2992 391 3017 aqostiniana
408 2991 429 3011 ui
447 2991 498 3016 quel
516 2994 602 3016 tempo,
621 2991 701 3015 Degno
716 2991 738 3011 di
755 2993 809 3012 nota
825 2992 836 3012 ὲ
848 2991 861 3011 il
873 2997 968 3012 numero
984 2991 1070 3016 grande
1086 2991 1122 3012 dei
1178 2992 1237 3012 della
1253 2991 1376 3012 Coniunitii
1392 2991 1414 3011 di
1430 2991 1451 3012 S.
1470 2991 1547 3012 pietro
1563 2991 1584 3011 in
1600 2991 1647 3012 Ciel
1664 2991 1730 3011 d'oro

246 3036 351 3056 Μαι-51η.
370 3036 439 3056 Forse
455 3034 477 3055 tu
494 3036 568 3056 scelto
584 3036 597 3056 il
614 3035 736 3056 Convento
747 3035 768 3055 di
780 3035 802 3056 St
815 3035 929 3061 Agostino
945 3041 985 3061 per
1001 3036 1126 3056 celebrarvi
