2305 3407
301 131 366 163 260

300 273 421 295 novem
449 263 579 296 Fratres
606 265 719 296 vivere
756 266 919 304 poterant,
957 264 1012 304 qui
1052 265 1189 304 propter
1224 271 1339 294 eorum
1378 264 1608 303 paupertatem
1635 263 1748 294 debita
1774 262 1946 304 religionis
1972 263 2123 295 instituta

299 326 484 358 observare
510 326 695 367 nequibant
732 328 763 357 et
801 326 960 357 haberent
997 326 1096 357 etiam
1124 326 1155 356 in
1181 325 1298 356 eadem
1323 325 1459 356 civitate
1486 333 1587 356 unum
1614 325 1746 365 i.·.signe
1783 325 2021 356 monasterium
2059 325 2123 357 sub

300 389 516 420 invocatione
542 389 648 420 sancti
676 388 866 430 Augustini,
894 389 924 419 in
952 397 1020 428 quo
1045 396 1170 428 corpus
1206 387 1280 418 eius
1317 385 1429 419 Sancti
1467 387 1656 427 requiescit,
1681 387 1778 418 cuius
1814 387 1967 419 redditus
1991 389 2023 418 et
2049 396 2125 428 pro-

300 453 432 487 ventus,
457 451 500 481 ob
527 451 633 482 malas
659 453 846 491 temporum
874 451 1055 491 qualitates
1081 452 1111 481 et
1138 449 1319 480 infortunia
1359 449 1458 481 annis
1484 449 1649 489 preteritis
1675 458 1828 487 occursa,
1869 449 1966 480 valde
2006 452 2124 482 tenues

300 512 376 544 tacti
404 512 548 550 fuerunt,
573 513 659 544 adeo
686 513 778 553 quod
806 513 835 543 in
863 522 903 544 eo
929 520 1088 543 numerus
1127 511 1180 543 ille
1217 511 1354 543 fratrum
1381 514 1412 543 et
1449 512 1656 543 studentium
1695 512 1750 552 qui
1789 514 1882 543 tanto
1919 512 2124 544 monasterio

299 576 492 606 conveniret
518 575 696 606 commode
722 576 835 606 vivere
862 584 927 606 non
955 577 1145 615 potuerunt,
1183 583 1258 605 cum
1295 574 1397 604 annui
1441 573 1592 605 redditus
1634 574 1827 605 monasterii
1859 573 1976 614 prefati
2017 574 2124 605 sancti

302 637 481 678 Augustini
524 638 736 672 huiusmodi,
775 637 960 668 secundnm
999 645 1175 668 comunem
1214 636 1485 674 extimationem,
1523 636 1728 677 quingentos
1765 636 1907 668 ducatus
1947 637 2016 668 auri
2059 645 2125 668 non

299 699 513 737 excederent,
550 699 692 730 dilectus
727 700 757 730 in
796 697 932 730 ClirIsto
971 699 1154 730 modernus
1192 697 1410 730 Provintialis
1447 698 1534 729 dicte
1577 697 1759 735 Provintie‚
1796 707 1870 730 cum
1908 699 2052 730 consilio
2088 707 2126 730 ac

301 770 469 793 consensu
496 764 525 792 et
553 762 685 792 licentia
711 759 891 792 Generalis
916 762 1020 792 totius
1045 761 1321 801 congregationis
1341 760 1489 792 Fratrum
1518 760 1771 798 Heremitarum,
1789 761 2012 793 considerans
2033 761 2124 801 quod

300 824 327 854 si
354 824 455 854 aunan
483 824 634 854 redditus
660 826 691 854 et
717 823 805 854 bana
832 823 910 854 dicti
939 824 1132 854 monasterii
1172 826 1287 855 sancte
1316 823 1489 854 Mustiulle
1515 823 1558 854 ab
1585 823 1704 854 eodem
1731 823 1936 854 monasterio
1962 824 1993 854 in
2019 825 2125 855 totum

300 888 537 926 separarentur
563 889 592 917 et
618 885 876 923 abdicarentur,
915 885 1029 925 illique
1070 888 1101 916 et
1139 886 1193 917 illa
1231 888 1393 926 perpetuo
1434 886 1523 916 dicto
1561 885 1765 916 monasterio
1802 886 1907 916 sancti
1947 885 2126 926 Augustini

301 948 551 988 applicarentur
575 950 606 978 et
633 948 815 985 unirentur,
841 950 872 978 et
898 947 1019 979 deinde
1045 948 1197 979 eiusdem
1225 948 1420 979 monasterii
1447 950 1561 979 sancte
1587 947 1760 979 Mustiolle
1784 947 1938 979 liedit‘icia
1956 948 2129 988 aliquibus

301 1010 477 1041 honestam
504 1010 735 1041 conditionem
762 1010 993 1047 offerentibus,
1020 1010 1062 1041 ad
1090 1010 1264 1041 utilitatem
1305 1010 1459 1041 eiusdem
1487 1010 1681 1041 monasterii
1708 1010 1815 1040 sancti
1842 1009 2022 1050 Augustini
2048 1018 2128 1041 con-

301 1072 620 1109 cederentiir„diete
647 1072 799 1112 religioni
826 1081 864 1103 ac
891 1072 1106 1103 monasteriis
1133 1072 1327 1103 huiusmodi
1353 1074 1384 1103 et
1410 1072 1579 1112 religiosis
1611 1072 1796 1103 eorundem
1823 1074 1852 1103 et
1879 1072 1996 1103 divino
2025 1072 2128 1104 cultui

303 1134 423 1165 melius
449 1134 702 1172 consuleretur;
729 1132 814 1166 Cum
840 1134 962 1165 dilecto
989 1134 1088 1165 nobis
1114 1134 1144 1164 in
1172 1132 1308 1166 Christo
1334 1133 1440 1165 Paulo
1481 1132 1690 1165 Pallavicino
1723 1132 1822 1166 Sedis
1849 1133 2044 1174 Apostolice
2070 1143 2129 1166 no-

304 1196 399 1233 tarie,
426 1198 548 1233 vestro,
576 1196 704 1227 ratione
730 1196 840 1227 abatie
867 1196 972 1226 sancti
1001 1195 1199 1227 Lanfranchi
1234 1196 1333 1227 cuius
1359 1196 1432 1236 ipse
1459 1198 1645 1236 perpetuus
1670 1196 1978 1228 commendatarius
2003 1197 2129 1234 existit,

304 1258 489 1298 superiore,
516 1260 546 1289 et
587 1267 646 1298 pro
684 1258 784 1289 vobis
822 1267 887 1298 que
924 1258 1050 1289 nullum
1089 1258 1190 1289 alium
1228 1258 1493 1290 commodiorem
1532 1258 1654 1296 locum,
1692 1259 1723 1289 in
1762 1267 1829 1299 quo
1870 1257 1943 1290 Deo
1974 1258 2128 1290 famulari

305 1321 464 1360 possetis,
491 1321 640 1351 invenire
668 1321 878 1360 potuissetis,
904 1320 946 1351 ad
973 1320 1188 1352 concordiam
1214 1323 1245 1352 et
1271 1321 1542 1358 conventionem,
1568 1321 1665 1352 salvo
1691 1319 1791 1353 Sedis
1817 1320 2012 1361 Apostolice
2031 1321 2132 1353 bene-

306 1382 439 1422 placito,
465 1383 612 1419 devenit,
639 1391 713 1413 cum
741 1383 848 1422 pactis
874 1385 905 1413 et
930 1383 1195 1421 conditionibus,
1221 1392 1286 1423 que
1311 1383 1352 1415 de
1379 1384 1508 1424 vulgari
1546 1392 1701 1415 sermone
1726 1383 1768 1415 ad
1808 1383 1955 1425 linguam
1993 1383 2129 1415 latinam

305 1445 448 1481 redacta,
476 1445 518 1476 ita
545 1447 678 1482 sonant,
706 1445 882 1476 videlicet:
911 1444 1022 1476 Primo
1050 1445 1141 1485 quod
1169 1445 1280 1477 dictus
1307 1444 1404 1477 Pater
1442 1444 1666 1477 Provincialis
1693 1446 1734 1477 de
1761 1446 1933 1477 voluntate
1959 1446 2010 1477 sui
2038 1455 2131 1477 reve—

305 1507 496 1538 rendissimi
524 1506 632 1538 Patris
660 1506 785 1538 Prioris
811 1506 999 1545 Generalis,
1025 1509 1056 1538 et
1082 1507 1159 1538 dicti
1186 1507 1360 1539 reverendi
1387 1506 1504 1539 Patres
1530 1506 1734 1539 Definitores
1759 1509 1859 1548 atque
1885 1508 1983 1538 etiam
2010 1516 2132 1548 preno-

305 1570 419 1601 minati
447 1569 564 1601 l'atres
590 1568 717 1601 Sindici
745 1578 803 1600 nec
831 1578 895 1600 non
923 1568 1165 1601 Procuratores
1202 1570 1342 1610 predicti
1381 1570 1575 1601 monasterii
1612 1572 1728 1601 sancte
1765 1569 1939 1601 Mustiolle
1965 1571 1996 1601 et
2021 1570 2128 1601 sancti

305 1631 484 1672 Augustini
526 1632 717 1663 concedunt
756 1631 894 1671 pretatis
932 1632 1126 1663 reverendis
1166 1631 1347 1663 Abbatisse
1384 1634 1415 1663 et
1453 1632 1664 1663 Monialibus
1700 1634 1816 1663 sancte
1858 1631 1964 1663 Marie
2002 1631 2130 1664 Montis

304 1693 440 1725 Olliveti
468 1696 508 1725 de
535 1694 651 1734 Papia,
678 1695 895 1734 presentibus
921 1697 951 1726 et
977 1695 1243 1734 acceptantibus,
1269 1695 1448 1726 ecclesiam
1475 1697 1505 1725 et
1532 1694 1771 1725 monasterium
1803 1695 1988 1734 predictum
2016 1697 2130 1726 sancte

306 1756 478 1787 Mustiolle
506 1755 644 1787 Ordinis
672 1756 914 1787 Heremitarum
942 1757 1081 1796 predicti
1109 1757 1214 1787 sancti
1243 1756 1435 1797 Augustini,
1461 1765 1536 1787 cum
1564 1757 1723 1787 omnibus
1738 1757 1809 1787 suis
1829 1757 1994 1787 hedificiis
2009 1757 2130 1797 positis

305 1819 394 1858 apud
423 1819 545 1849 :lictum
575 1819 826 1856 monasterium,
853 1821 954 1858 atque
980 1819 1078 1849 etiam
1120 1818 1236 1857 furno,
1278 1819 1357 1850 turri
1399 1821 1429 1850 et
1470 1821 1559 1856 orto,
1602 1828 1660 1850 nec
1702 1828 1767 1849 non
1805 1819 2000 1859 campanis,
2026 1819 2130 1849 choro

303 1884 403 1920 atque
444 1881 609 1911 auctionis
649 1882 680 1912 et
720 1881 864 1912 armario
905 1882 1058 1912 sacristie
1099 1881 1343 1921 cuiuscumque
1384 1881 1451 1912 sint
1496 1881 1669 1921 qualitatis
1713 1883 1743 1912 et
1787 1881 2018 1919 conditionis;
2064 1890 2130 1921 que

305 1943 417 1974 omnia
458 1943 601 1974 ecclesia
644 1946 673 1974 et
716 1943 955 1974 monasterium
997 1945 1028 1974 et
1069 1943 1157 1974 bona
1199 1943 1349 1982 predicta
1391 1943 1500 1983 posita
1542 1944 1619 1973 sunt
1660 1943 1691 1973 in
1733 1943 1880 1983 presenti
1907 1943 2042 1974 civitate
2067 1942 2132 1974 Pa-

306 2006 375 2045 pie,
417 2006 447 2035 in
490 2004 653 2036 Paruchia
691 2005 798 2036 sancti
837 2003 1097 2043 Columbanini,
1135 2005 1260 2045 quibus
1298 2005 1434 2036 coheret
1459 2014 1477 2036 a
1504 2005 1639 2036 duobus
1681 2005 1841 2037 lateribus
1882 2006 1935 2036 via
1976 2005 2129 2045 publica,

305 2076 346 2098 ex
384 2067 450 2098 alio
484 2067 584 2098 latere
622 2067 782 2098 dominus
821 2066 974 2107 Philipus
1009 2067 1049 2098 de
1080 2066 1200 2107 lnzago
1242 2067 1292 2098 vel
1335 2068 1408 2098 eius
1449 2076 1535 2098 uxor
1575 2067 1605 2098 in
1648 2069 1751 2107 parte,
1792 2070 1822 2098 et
1865 2067 1895 2098 in
1937 2069 2030 2108 parte
2071 2067 2131 2098 do-

306 2130 417 2160 minus
444 2128 611 2160 Antonius
639 2128 785 2160 Pasinus
811 2132 842 2160 et
869 2130 899 2160 in
927 2131 1019 2170 parte
1057 2129 1257 2170 magnificus
1294 2129 1452 2161 dominus
1487 2129 1701 2161 Hieronimus
1727 2130 1767 2160 de
1793 2128 1952 2170 Georgiis
1978 2129 2030 2161 vel
2057 2130 2130 2161 eius

305 2192 385 2229 filii;
412 2192 454 2222 ab
480 2192 547 2223 alio
574 2192 675 2223 latere
702 2192 884 2223 reverende
922 2192 1093 2223 Nloniales
1130 2192 1237 2223 sancti
1276 2191 1434 2223 Dalmatii
1473 2192 1504 2223 in
1543 2194 1646 2232 parte,
1682 2194 1714 2223 et
1740 2193 1770 2223 in
1798 2194 1890 2232 parte
1931 2191 2130 2233 magnificus

305 2254 464 2285 dominus
492 2254 708 2285 l-lieroninius
745 2253 969 2292 Sclatenatus,
1007 2255 1080 2285 sive
1106 2254 1169 2285 alie
1195 2255 1261 2285 sint
1287 2254 1479 2285 coherentie
1516 2255 1666 2285 veriores
1691 2263 1756 2294 que
1783 2254 1974 2285 nullatenus
2000 2253 2129 2285 veritati

307 2324 425 2347 nocere
462 2318 518 2347 aut
557 2316 766 2356 preiudicare
807 2317 940 2356 possint
976 2318 1007 2348 et
1043 2316 1210 2354 debeant;
1249 2325 1313 2356 que
1354 2317 1465 2347 omnia
1492 2316 1648 2353 eeclesia,
1690 2316 1929 2347 monasterium
1956 2324 2014 2347 seu
2042 2316 2131 2347 bona

306 2378 456 2418 predicta
483 2380 652 2418 separant,
680 2378 836 2410 dividunt
862 2380 893 2410 et
919 2381 1098 2419 segregant
1135 2379 1270 2419 penitus
1296 2380 1327 2410 et
1365 2379 1395 2409 in
1423 2380 1528 2410 totum
1554 2379 1597 2409 ab
1624 2387 1738 2409 eorum
1782 2377 1954 2418 Religione
1981 2377 2131 2409 Heremi-

307 2443 394 2477 tana,
413 2443 444 2471 et
462 2443 698 2472 contentantur
724 2441 815 2480 quod
843 2443 1007 2481 perpetuo
1034 2441 1099 2472 sint
1126 2441 1216 2472 unita
1232 2441 1437 2472 monasterio
1455 2441 1618 2472 dictarum
1661 2440 1919 2471 reverendarum
1947 2439 2130 2472 Abbatisse

305 2504 336 2532 et
363 2502 570 2539 monialium,
597 2503 640 2533 ita
666 2505 696 2533 et
723 2502 832 2534 taliter
858 2504 891 2533 ut
917 2503 1006 2534 dicta
1034 2502 1162 2543 Religio
1199 2504 1304 2534 sancti
1345 2502 1523 2544 Augustini
1551 2503 1675 2534 nullam
1703 2502 1734 2533 in
1772 2503 1821 2533 eis
1848 2511 1995 2542 unquam
2022 2503 2053 2533 in
2079 2501 2131 2533 fu-

306 2567 415 2595 turum
442 2564 672 2595 auctoritatem
701 2573 810 2604 neque
837 2565 1085 2604 pretensionem
1113 2565 1246 2602 habeat,
1272 2565 1336 2596 nisi
1363 2565 1460 2596 salvo
1487 2566 1520 2595 ut
1547 2563 1641 2595 infra.
1669 2563 1746 2595 ltem
1776 2564 1868 2604 quod
1906 2572 2024 2595 omnes
2060 2563 2128 2595 allii

308 2626 464 2656 introitus
489 2628 520 2656 et
547 2626 635 2656 bona
662 2628 727 2656 tam
755 2626 893 2657 mobilia
930 2635 1031 2666 quam
1069 2626 1216 2664 stabilia,
1254 2626 1353 2657 fictus
1389 2628 1420 2657 et
1458 2626 1566 2667 legata
1592 2628 1692 2666 atque
1718 2634 1837 2657 omnes
1862 2625 1917 2656 alii
1945 2625 2073 2657 reditus
2098 2626 2131 2657 et

308 2689 494 2727 proventus
519 2687 606 2718 dicte
643 2687 786 2718 ecclesie
811 2690 843 2718 et
869 2688 1063 2719 monasterii
1102 2690 1217 2719 sancte
1255 2688 1417 2719 Mustiole
1453 2688 1736 2719 dismembrentur
1772 2690 1803 2719 et
1840 2687 2033 2719 dividantur
2069 2695 2129 2719 nec

307 2758 372 2780 non
398 2749 629 2780 dismembrati
657 2751 687 2780 et
713 2749 814 2780 divisi
842 2749 1080 2789 intelligantur,
1107 2750 1393 2789 quemadmodum
1421 2749 1540 2790 prefati
1567 2749 1741 2781 reverendi
1765 2748 1882 2781 Patres
1900 2748 2128 2787 Provintialis,

308 2810 522 2849 Definitores,
549 2811 670 2842 sindici
690 2814 720 2842 et
746 2813 981 2851 procuratores
1015 2811 1058 2842 ita
1097 2811 1341 2843 dismembrant
1377 2814 1408 2843 et
1444 2812 1600 2843 dividunt
1625 2820 1642 2843 a
1668 2812 1758 2843 dicto
1785 2811 1989 2843 monasterio
2014 2813 2129 2843 sancte

308 2873 483 2905 Mustiolle
508 2875 539 2904 et
564 2873 709 2904 totaliter
735 2873 853 2904 uniunt
877 2875 908 2904 et
934 2873 1151 2913 incorporant
1176 2873 1267 2905 dicto
1305 2874 1510 2905 monasterio
1535 2874 1643 2905 sancti
1669 2872 1849 2915 Augustini
1883 2872 2128 2905 Heremitarum

308 2935 422 2975 posito
448 2935 479 2966 in
506 2935 567 2966 hac
593 2935 710 2966 eadem
736 2935 871 2966 civitate
909 2933 1025 2975 Papie‚
1063 2935 1106 2966 ita
1143 2937 1175 2967 et
1211 2936 1319 2967 taliter
1345 2937 1379 2967 ut
1404 2936 1491 2967 dicte
1529 2935 1712 2967 Monialles
1737 2935 1838 2967 nichil
1864 2935 1957 2967 aliud
1983 2935 2129 2966 habeant

308 2999 417 3037 preter
441 2997 563 3029 dictam
590 2997 767 3029 ecclesiam
793 2999 824 3028 et
851 2997 1091 3029 monasterium
1117 2999 1233 3030 sancte
1274 2997 1448 3030 Mustiolle
1473 3006 1547 3029 cum
1574 2997 1780 3038 supradictis
1806 2997 1966 3029 hedifitiis
1990 2998 2022 3028 et
2046 2996 2129 3028 ortis
