2305 3407
1905 164 1965 196 311

1002 339 1132 380 MV.

242 443 269 471 11
294 443 453 481 Capitolo
479 445 513 474 di
538 446 573 474 S.
601 446 713 474 Paolo
738 447 824 475 cede
849 447 882 475 al
909 452 1079 478 convento
1104 450 1139 478 di
1165 450 1200 479 S.
1228 451 1360 487 Spirito
1386 461 1430 480 un
1457 457 1558 482 tratto
1584 454 1618 483 di
1642 459 1791 487 terreno.

753 569 892 595 1666
906 585 919 602 ‚
951 572 1137 603 aprue
1147 587 1161 604 ‚
1194 573 1336 598 10:113
1347 588 1360 599 .

702 685 779 709 (Aren.
796 685 877 707 Notar,
894 686 915 707 di
933 686 1002 708 Pavia
1019 697 1043 700 —
1058 687 1106 708 Atti
1123 687 1144 708 di
1161 688 1253 710 Matteo
1269 688 1413 713 cellanova»

170 801 172 825 Ι
392 823 393 836 l

170 827 172 918 Ξ
224 842 345 959 N
392 844 442 911 {EL
473 859 630 889 convento
662 857 697 889 a'i
727 857 760 890 S.
792 857 909 890 Paolo.
950 858 1168 892 Reverendus
1201 862 1232 893 in
1265 860 1402 894 Christo
1434 866 1529 903 pater
1564 864 1664 897 frater
1696 865 1900 898 Theodorus
1934 867 1974 899 de

391 926 393 964 4
420 918 561 951 Mantua
594 919 747 952 Vicarius
781 919 960 953 Generalis
985 921 1126 954 Ordinis
1157 924 1264 955 sancti
1297 923 1478 966 Augustini
1511 926 1551 958 de
1577 927 1795 959 observantia
1829 928 1977 961 Heremi-

178 1017 186 1019 Α
307 1016 318 1018 ff
351 967 393 1017 ξ
420 985 538 1021 tarum,
564 992 624 1023 pro
650 983 807 1014 tribunali
833 984 956 1015 sedens
982 993 1087 1025 super
1112 986 1259 1025 quadam
1285 988 1445 1020 cathedra
1472 988 1516 1020 ibi
1543 990 1654 1029 posita
1688 999 1788 1030 quam
1815 1000 1875 1031 pro
1901 993 1975 1024 eius

152 1045 308 1077 tribunali
329 1045 461 1077 bancho
486 1045 599 1086 ellegit
624 1048 655 1077 et
679 1045 773 1086 eligit
797 1046 839 1077 ad
867 1046 955 1077 hune
980 1049 1103 1085 actum,
1129 1048 1273 1081 edoctus
1298 1058 1316 1081 a
1341 1051 1527 1082 reverendo
1551 1052 1690 1084 domino
1716 1052 1816 1085 fratre
1833 1054 1975 1086 Nicolao

150 1108 192 1139 de
225 1105 393 1140 Cremona
419 1106 533 1139 Priore
559 1108 639 1139 dicti
673 1109 867 1140 monasterii
901 1110 1006 1140 sancti
1034 1108 1128 1141 Pauli
1156 1111 1196 1142 de
1222 1112 1443 1152 requisitione
1469 1113 1557 1145 facta
1583 1123 1643 1154 per
1667 1116 1889 1147 reverendum
1916 1117 1976 1148 do-

151 1171 276 1202 minum
301 1171 459 1202 abbatem
485 1171 592 1202 sancti
618 1169 764 1212 Spiritus
784 1170 888 1212 Papie
913 1181 954 1203 an
982 1172 1090 1212 ipsius
1117 1175 1358 1205 monasterium
1378 1177 1628 1207 contentaretur
1652 1177 1799 1209 alienare
1824 1179 1973 1219 quodam

150 1233 320 1264 modicum
345 1235 431 1265 terre
458 1233 546 1265 culte
573 1234 681 1274 ipsius
708 1235 902 1266 monasterii
929 1235 1155 1274 pertieharum
1182 1236 1323 1267 duarum
1357 1239 1388 1268 et
1413 1240 1725 1280 quantumcumque
1751 1241 1845 1271 erit...
1880 1242 1973 1281 prius

150 1295 286 1326 visitato
312 1295 420 1327 loco...
446 1295 677 1327 omnimodam
703 1296 776 1327 eius
802 1296 981 1335 licentiam,
999 1298 1231 1329 auctoritatem
1250 1308 1289 1330 ae
1315 1300 1485 1331 decretum
1504 1301 1570 1339 dat,
1591 1304 1718 1342 prestat
1742 1305 1772 1334 et
1791 1303 1975 1344 interponit

149 1358 309 1398 predictis
335 1357 441 1389 Priori
467 1360 498 1390 et
525 1357 697 1391 Fratribus
722 1359 800 1390 dicti
827 1359 1021 1390 monasterii
1047 1359 1217 1392 alienandi
1243 1361 1367 1393 dictum
1395 1364 1572 1401 terrenum,
1599 1366 1661 1395 etc.

238 1420 265 1452 ll
285 1421 403 1461 giorno
428 1423 584 1461 seguenle
613 1421 650 1452 II
676 1421 789 1462 aprile,
814 1422 961 1453 adunato
979 1422 1003 1453 il
1029 1421 1181 1463 Copilolo
1199 1424 1234 1455 cli
1250 1423 1282 1456 S.
1298 1423 1417 1463 Paolo,
1435 1426 1466 1456 in
1492 1426 1545 1457 cui
1567 1435 1667 1457 erano
1692 1426 1793 1459 frater
1811 1428 1974 1460 Nicolaus

149 1484 190 1515 de
215 1482 384 1516 Cremona
409 1483 514 1521 Prior,
540 1483 640 1515 trater
666 1482 861 1524 Stephanus
886 1484 927 1516 de
953 1483 1075 1517 Crema
1101 1486 1260 1524 vicarius,
1286 1486 1387 1518 frater
1412 1486 1565 1519 Aluisius
1589 1489 1630 1519 de
1656 1487 1802 1521 Civitate
1821 1489 1972 1529 Castelli,

148 1545 250 1577 frater
286 1544 434 1577 Serenus
458 1546 500 1577 de
526 1544 706 1583 Cremona,
727 1545 786 1586 pia
822 1546 858 1578 di
879 1546 942 1577 clue
978 1548 1059 1578 terei
1082 1547 1136 1579 ael
1170 1547 1332 1589 Capilolo,
1359 1558 1552 1590 approvano
1583 1551 1615 1582 in
1636 1552 1743 1591 primo
1780 1553 1914 1584 trattato
1939 1553 1973 1584 la

149 1608 297 1639 cessione
321 1608 356 1639 o'i
379 1608 464 1639 detle
488 1608 551 1639 due
572 1608 717 1648 pertI'clze
742 1608 777 1639 cii
800 1610 923 1640 terreno
949 1608 1108 1642 oll'abate
1133 1610 1187 1641 del
1212 1611 1317 1642 vicmo
1343 1614 1502 1643 convento
1527 1612 1562 1643 di
1586 1611 1618 1645 S.
1645 1612 1778 1653 SpIritO,
1800 1623 1862 1654 per
1883 1623 1973 1647 arro-

148 1669 285 1702 tono'ore
309 1670 402 1702 l'orto
428 1670 463 1702 di
485 1671 541 1709 lui,
567 1680 583 1702 e
608 1671 658 1702 cio
679 1671 737 1712 pel
754 1680 878 1712 prezzo
903 1671 938 1703 <ii
961 1671 1017 1703 lire
1034 1672 1079 1704 60
1094 1672 1265 1713 Imperiali.
1284 1673 1313 1704 Il
1327 1673 1471 1705 secondo
1496 1676 1630 1706 trattato
1648 1676 1679 1706 si
1694 1675 1737 1716 fa
1754 1676 1840 1707 nello
1865 1679 1972 1709 stesso

142 1733 261 1773 giorno
288 1733 327 1764 ΙΙ
353 1733 464 1773 aprile,
491 1733 516 1764 il
539 1735 627 1765 terzo
652 1742 669 1765 e
694 1733 726 1765 la
753 1734 883 1765 vendita
908 1733 932 1765 il
952 1735 1071 1773 giorno
1100 1735 1140 1766 13
1163 1732 1223 1774 (1).

204 1890 234 1914 tl)
249 1890 274 1910 Αἰ
290 1890 302 1910 2
318 1890 409 1916 maggio
424 1890 446 1911 lo
462 1892 540 1911 stesso
559 1891 670 1916 capitolo,
687 1891 708 1911 di
729 1891 764 1912 cui
781 1891 849 1912 tanna
871 1893 937 1917 parte
955 1892 1028 1912 anche
1084 1898 1095 1912 e
1108 1893 1150 1912 che
1161 1892 1189 1912 da
1206 1893 1304 1918 qualche
1319 1898 1380 1913 anno
1396 1893 1500 1914 sedimen
1516 1894 1592 1919 ipsum
1609 1894 1730 1916 reductum
1747 1895 1789 1916 tuit
1804 1896 1834 1916 ad
1850 1898 1926 1917 ortum
1939 1902 1966 1917 ex

147 1934 217 1955 trater
234 1934 379 1959 Augustinus
394 1934 422 1955 de
439 1934 510 1960 Papia
535 1935 638 1956 sindicus
659 1937 681 1956 et
696 1935 768 1956 trater
790 1936 935 1961 Augustinus
952 1936 1026 1957 Maria
1082 1942 1129 1962 quo
1145 1940 1222 1957 tamen
1243 1938 1334 1958 modica
1357 1940 1466 1964 percepta
1483 1939 1525 1959 tuit
1545 1942 1566 1959 et
1584 1940 1712 1965 percipitur
1734 1941 1831 1963 utilitas:
1848 1941 1966 1962 ricordato

146 1979 174 1999 de
195 1978 296 2002 Savonzi.
312 1984 354 1999 con
370 1982 421 1999 atto
437 1980 457 1999 di
482 1980 558 2000 Guitio
574 1980 700 2005 Mangnno.
717 1980 834 2001 ricortlato
854 1981 868 2000 il
885 1983 1026 2001 test-intento

147 2023 183 2044 del
198 2023 274 2044 nobile
290 2023 402 2045 Riccnrdo
421 2023 546 2049 Bottigena
565 2024 600 2044 del
617 2024 639 2044 lu
656 2024 775 2050 Giacomo,
792 2027 875 2050 rugato
890 2025 910 2046 ai
926 2025 952 2046 23
967 2031 1028 2050 mag-

148 2068 186 2093 gio
210 2068 259 2089 1504
281 2068 309 2089 da
333 2068 501 2089 Frunceschino
524 2068 625 2094 Codecii,
641 2069 676 2090 col
693 2070 761 2095 quale
783 2070 885 2090 lasciava
907 2076 919 2090 a
942 2070 1028 2091 Cesare

147 2112 273 2138 Bottigella
295 2113 331 2133 del
354 2112 376 2133 in
393 2112 521 2134 Corradino
538 2119 582 2134 una
605 2119 658 2134 casa
674 2114 695 2134 iu
719 2113 789 2134 Pavia
809 2115 830 2134 in
847 2114 984 2135 Parrocchia
1001 2115 1022 2135 di

145 2157 166 2177 di
182 2156 204 2177 S.
222 2156 326 2182 Quirico,
342 2157 496 2183 coll'obbligo
512 2157 534 2177 di
551 2163 637 2183 pagare
659 2158 878 2179 alternativamente
892 2159 945 2184 ogni
965 2164 1026 2179 anno

149 2202 172 2222 12
186 2201 264 2222 ducati
279 2202 300 2222 ai
316 2201 368 2222 irati
384 2202 405 2222 di
422 2201 444 2223 S.
461 2201 534 2223 Croce
550 2207 561 2223 e
576 2203 596 2222 ni
613 2202 665 2223 irati
681 2203 703 2223 di
719 2202 741 2223 S.
759 2203 839 2228 Panlo,
855 2203 876 2223 in
899 2206 1023 2229 perpetuo,

145 2252 187 2272 pro
205 2245 317 2267 iratribus
333 2246 475 2271 prefatorum
491 2248 647 2267 conventuum
664 2247 799 2271 vestiendis:
816 2247 933 2268 ricordato
948 2248 989 2268 che
1005 2248 1026 2268 in

144 2291 210 2311 bellis
221 2292 325 2312 occursis
337 2297 412 2317 usque
428 2291 449 2311 in
464 2291 531 2311 annis
549 2292 598 2311 1525
609 2294 631 2312 et
647 2292 802 2317 sequentibus
813 2293 869 2312 etin
880 2293 1024 2312 calamitosis

144 2335 370 2361 depopulacionibus
391 2336 458 2357 huius
478 2336 580 2356 civitatis
599 2336 679 2361 Fame,
695 2337 755 2357 dicta
771 2337 856 2357 domus
871 2336 914 2357 tuit
934 2337 1027 2362 dirupta

145 2381 168 2400 et
183 2380 234 2401 solo
248 2381 335 2406 equata
351 2381 382 2401 ita
398 2380 461 2406 quod
477 2382 566 2401 tantum
582 2380 748 2406 superfuerunt
764 2381 863 2406 quedam
885 2382 987 2406 parietes
1003 2383 1025 2402 et

143 2424 248 2445 sedimen
263 2425 374 2446 remansit
385 2431 484 2446 vacuum
500 2426 522 2446 et
539 2426 647 2446 omnibus
663 2427 754 2451 patens,
765 2432 812 2451 quo
828 2432 895 2446 nemo
911 2426 1029 2451 utebatur,

1082 1982 1124 2001 che
1140 1983 1273 2007 quest'orto
1290 1982 1301 2002 e
1317 1988 1356 2003 ora
1373 1983 1394 2003 ni
1412 1983 1531 2008 proprietsi
1548 1983 1582 2004 del
1600 1985 1645 2003 nol)
1670 1984 1765 2004 Ottax'io
1783 1985 1907 2009 Hottigelln
1928 1986 1964 2006 del

1082 2025 1105 2045 tu
1122 2026 1172 2046 Gio.
1190 2026 1300 2051 Battista,
1316 2027 1329 2046 il
1346 2027 1414 2052 quale
1429 2028 1447 2047 si
1464 2028 1565 2048 dichiara
1583 2034 1626 2048 non
1643 2030 1724 2049 tenuto
1739 2035 1751 2048 :1
1769 2035 1853 2054 pagare
1870 2030 1883 2049 il
1899 2035 1965 2050 suac-

1083 2072 1182 2091 ceunato
1205 2071 1283 2096 legato
1306 2076 1346 2096 per
1368 2072 1387 2091 le
1403 2072 1548 2092 circosmnze
1571 2075 1711 2097 suespostc:
1735 2074 1835 2093 tuttavm
1858 2080 1899 2094 orn
1923 2080 1963 2099 per

1079 2115 1183 2135 lihernrsi
1206 2115 1234 2135 da
1251 2115 1302 2140 ogni
1324 2116 1414 2135 vincola
1430 2116 1465 2135 col
1481 2119 1597 2136 convento
1614 2117 1634 2136 di
1659 2117 1681 2137 Si
1699 2117 1770 2137 Paulo
1793 2123 1906 2142 propone,
1922 2124 1933 2138 c
1949 2118 1963 2138 il

1081 2159 1185 2184 capitolo
1202 2159 1238 2179 del
1250 2161 1365 2180 convento
1380 2166 1494 2185 approva.
1512 2160 1532 2180 di
1549 2161 1658 2181 sborsare
1673 2161 1713 2181 500
1728 2161 1768 2182 lire
1784 2162 1945 2182 ratenlmente.

1133 2203 1158 2223 Al
1174 2203 1187 2223 6
1202 2203 1223 2223 ui
1247 2204 1338 2229 maggio
1356 2204 1413 2228 1566.
1429 2203 1462 2224 fra
1483 2204 1512 2229 gli
1528 2205 1570 2225 atti
1591 2204 1612 2224 di
1629 2205 1686 2225 Gian
1709 2205 1838 2226 Francesco
1861 2206 1962 2232 Morbio,

1082 2247 1196 2267 trovinmo
1208 2247 1337 2268 ilcodicillu
1353 2248 1388 2268 del
1405 2249 1458 2268 nob.
1468 2248 1525 2269 Gian
1537 2249 1651 2274 Agostino
1663 2249 1727 2269 Balbi
1743 2249 1804 2272 tvedi
1820 2250 1892 2270 anche
1904 2250 1962 2271 nelle

1079 2294 1133 2312 note
1149 2292 1169 2312 :il
1185 2292 1237 2312 doc⁴
1256 2292 1279 2313 19
1293 2292 1366 2317 aprile
1384 2292 1442 2316 1554)
1458 2294 1540 2317 rogato
1559 2293 1594 2313 nel
1611 2295 1726 2314 convento
1743 2294 1764 2314 di
1781 2293 1803 2314 S.
1821 2293 1892 2315 Panlo
1914 2295 1958 2315 alla

1084 2342 1196 2362 presenza
1218 2337 1254 2358 dei
1271 2336 1388 2363 Religiosi,
1404 2336 1437 2358 ira
1453 2337 1458 2357 i
1475 2337 1537 2363 quali
1553 2337 1564 2358 ὲ
1588 2338 1661 2358 nuche
1676 2337 1747 2359 trater
1771 2338 1909 2360 Ambrosius
1933 2339 1961 2360 de

1081 2382 1178 2402 Buzulo.
