2305 3407
1915 129 1981 161 273

163 266 227 303 tus,
264 264 401 305 gradus,
437 264 567 296 ordinis
605 264 657 295 vel
694 263 901 294 conditionis
926 263 1085 300 existant,
1111 271 1153 293 ex
1181 271 1267 293 nunc
1293 264 1392 302 prout
1417 271 1458 293 ex
1485 264 1562 293 tunc
1588 265 1619 293 et
1645 265 1792 301 econtra,
1833 264 1983 305 singula-

163 327 239 358 riter
265 327 296 357 in
321 326 486 366 singulos,
513 325 662 366 predicta
688 333 749 356 sex
775 325 902 356 dierum
928 325 1090 356 canonica
1121 324 1302 355 monitione
1333 324 1508 364 premissa,
1539 326 1912 363 excommunicationis,
1951 328 1981 358 in

162 388 331 429 generalia
357 397 436 419 vero
461 389 649 419 conventus
674 388 705 418 et
729 387 882 427 collegia,
909 387 940 417 in
967 387 1019 417 his
1044 386 1159 418 forsan
1186 386 1427 426 delinquentia,
1453 387 1693 426 suspensionis
1722 396 1739 417 a
1780 388 1916 426 divinis,
1953 393 1983 420 et

163 450 194 480 in
220 450 371 490 ipsorum
397 450 663 490 delinquentium
690 451 721 480 et
746 448 918 480 rebellium
944 448 1118 486 ecclesias,
1143 449 1346 479 monasteria
1383 450 1414 479 et
1450 448 1600 488 capellas
1627 449 1791 480 interdicti
1825 451 1983 481 ecclesia-

163 512 247 549 stici,
273 513 458 543 sententias
483 511 621 543 ferimus
647 511 678 542 in
706 511 770 542 hiis
796 511 931 551 scriptis
957 513 988 542 et
1013 511 1112 542 etiam
1140 510 1407 551 promulgamus.

251 572 417 612 Ceterum,
443 583 516 605 cum
558 574 601 605 ad
638 574 899 613 exequutionem
938 573 1180 613 premissorum
1219 573 1359 604 ulterius
1384 572 1573 604 faciendam
1612 581 1832 612 nequeamus,
1870 575 1981 614 quoad

163 644 314 676 presens,
341 636 562 676 personaliter
588 637 761 673 interesse,
787 635 941 676 pluribus
966 635 1042 666 aliis
1067 635 1183 666 arduis
1212 635 1243 665 in
1272 634 1421 667 Romana
1448 634 1600 665 Ecclesia
1631 635 1795 674 prepediti
1828 637 1983 676 negotiis,

163 698 234 729 unii
247 699 332 729 ersis
346 701 375 729 et
390 698 534 739 singulis
548 698 695 729 dominis
711 697 888 735 Abatibus,
901 696 1085 735 Prioribus,
1102 696 1300 737 prepositis,
1312 695 1469 734 Decanis‚
1482 695 1752 733 Archidiaconis,
1768 695 1983 733 Cantoribus,

162 758 444 797 Subcantoribus,
469 759 678 798 Scolasticis,
704 758 927 798 Custodibus,
954 759 1178 797 Tesaurariis,
1205 757 1373 794 Sacristis,
1401 760 1466 789 tarn
1493 757 1746 790 Catltedralium
1766 768 1865 799 quam
1886 761 1986 791 colle-

161 823 323 862 giatarum
350 825 381 853 et
407 822 700 863 Metropolitarum
726 821 923 860 Canonicis,
950 822 1262 862 parochialiumque
1281 821 1500 853 ecclesiarum
1517 820 1726 859 Rectoribus,
1753 830 1810 852 seu
1828 822 1987 854 locumte-

163 885 321 916 nentibus
346 885 542 922 eorundem,
569 884 739 923 plebanis,
769 884 1080 925 Archipresbiteris,
1115 884 1256 915 Vicariis
1282 883 1466 923 perpetuis,
1492 883 1677 923 capellanis
1703 884 1827 915 curatis
1852 887 1883 915 et
1920 894 1984 915 non

163 947 297 984 curatis,
324 946 504 985 Altaristis,
531 946 742 984 presbiteris,
769 947 1029 984 Ecclesiasticis,
1063 946 1252 986 ceterisque
1279 946 1310 976 in
1337 945 1609 985 quibuscumque
1647 946 1881 985 dignitatibus,
1919 950 1986 978 sta-

162 1009 263 1047 tibus,
289 1009 452 1050 gradibus
478 1009 529 1040 vel
555 1009 670 1041 offitiis
696 1009 901 1046 constitutis,
928 1009 1136 1049 notariisque
1162 1010 1193 1039 et
1219 1007 1461 1039 tabellionibus
1488 1007 1634 1048 publicis
1674 1011 1704 1039 et
1731 1009 1872 1048 privatis
1913 1010 1986 1049 qui-

164 1072 373 1111 buscumque
399 1080 457 1112 per
483 1080 716 1112 quascumque
753 1072 908 1103 civitates
944 1073 975 1102 et
1015 1071 1171 1102 dioceses
1207 1079 1245 1101 ac
1286 1070 1353 1101 alio
1391 1070 1531 1100 ubilibet
1567 1071 1760 1101 constitutis
1797 1073 1828 1102 et
1869 1080 1984 1102 eorum

162 1134 298 1165 cuilibet
323 1134 355 1165 in
381 1134 528 1165 solidum
555 1143 657 1175 super
682 1134 829 1166 ulteriori
856 1134 1085 1174 exequutione
1104 1133 1182 1164 dicti
1210 1133 1357 1164 mandati
1376 1133 1554 1173 apostolici
1575 1134 1675 1172 atque
1695 1133 1799 1164 nostri
1819 1132 1986 1171 facienda,

162 1196 358 1227 auctoritate
384 1196 572 1237 apostolica
609 1196 815 1237 supradicta,
849 1198 964 1227 tenore
1000 1195 1205 1236 presentium
1244 1195 1394 1235 plenarie
1432 1194 1674 1226 committimus
1712 1196 1803 1226 vices
1841 1198 1986 1232 nostras,

163 1258 271 1289 donec
296 1266 355 1289 eas
379 1258 421 1289 ad
448 1267 511 1290 nos
537 1258 729 1299 specialiter
754 1260 786 1290 et
811 1267 975 1299 expresse
1001 1258 1200 1289 duxerimus
1225 1257 1450 1295 revocandas,
1476 1266 1563 1297 quos
1590 1266 1652 1288 nos
1678 1260 1708 1288 et
1734 1266 1847 1288 eorum
1868 1267 1987 1298 quem-

163 1320 243 1351 libet
269 1320 300 1351 in
326 1320 484 1357 solidum,
510 1320 629 1351 eadem
655 1321 863 1358 auctoritate,
890 1322 1005 1351 tenore
1033 1320 1251 1360 presentium,
1278 1319 1479 1359 requirimus
1504 1320 1535 1349 et
1565 1328 1740 1350 monemus
1778 1320 1896 1359 primo,
1935 1329 1987 1351 sc—

163 1382 286 1419 cundo,
313 1382 409 1413 tertio
435 1384 465 1413 et
491 1383 751 1422 perhemptorie,
777 1382 965 1414 comuniter
991 1382 1042 1413 vel
1069 1382 1216 1419 divisim,
1242 1382 1359 1421 eisque
1386 1381 1606 1412 nihilominus
1631 1383 1661 1412 et
1695 1390 1809 1412 eorum
1837 1382 1986 1419 cuilibet,

166 1444 197 1474 in
217 1444 337 1475 virtute
364 1446 478 1476 sancte
497 1444 689 1476 obedientie
714 1446 744 1476 et
770 1444 835 1476 sub
860 1444 1224 1475 excommunicationis
1250 1452 1348 1483 pena,
1367 1452 1467 1483 quam
1487 1443 1518 1473 in
1534 1451 1593 1474 eos
1611 1445 1641 1474 et
1659 1452 1773 1474 eorum
1792 1444 1988 1483 quemlibet,

166 1507 229 1537 nisi
249 1505 387 1537 fecerint
414 1515 478 1546 que
505 1507 716 1544 mandamus,
734 1506 874 1538 ferimus
894 1507 924 1537 in
953 1507 1004 1537 his
1030 1506 1176 1546 scriptis,
1196 1505 1344 1536 districte
1359 1505 1578 1545 precipiendo
1598 1505 1797 1536 mandantes
1816 1508 1986 1545 quatenus

167 1567 250 1599 infra
277 1577 337 1599 sex
363 1569 436 1599 dies
463 1570 539 1608 post
565 1569 849 1608 presentationem
875 1577 934 1599 seu
962 1568 1224 1599 notificationem
1252 1568 1456 1607 presentium
1484 1569 1514 1598 et
1540 1568 1795 1607 requisitionem
1816 1577 1875 1608 pro
1895 1570 1988 1608 parte

167 1630 330 1661 dictarum
355 1630 567 1661 dominarum
595 1629 777 1662 Abbatisse
804 1633 835 1662 et
862 1630 1063 1661 Monialium
1091 1630 1122 1660 in
1150 1630 1346 1670 preinsertis
1373 1629 1492 1660 lilteris
1518 1630 1717 1669 apostolicis
1755 1638 1848 1661 sacre
1886 1629 1985 1661 Peni-

167 1692 318 1723 tentiarie
345 1693 589 1724 nominatarum
618 1693 865 1733 principalium,
891 1693 940 1723 eis
967 1701 1025 1723 seu
1052 1701 1167 1723 eorum
1193 1692 1299 1729 alteri,
1325 1692 1472 1732 desuper
1490 1691 1595 1723 factas
1637 1692 1829 1723 immediate
1848 1701 1993 1732 sequen-

167 1756 228 1791 tes,
254 1763 342 1794 quos
366 1755 439 1785 dies
465 1755 550 1795 ipsis
583 1757 614 1785 et
650 1763 764 1785 eorum
803 1754 939 1786 cuilibet
977 1763 1037 1794 pro
1074 1755 1164 1785 omni
1203 1754 1376 1784 dillatione
1413 1754 1624 1793 terminoque
1662 1754 1914 1794 perliemptorio
1952 1763 1989 1785 ac

169 1816 351 1848 monitione
377 1817 540 1848 canonica
567 1817 795 1857 assignamus,
823 1818 866 1848 ita
891 1819 922 1848 et
959 1817 1067 1848 taliter
1092 1816 1183 1857 quod
1211 1817 1241 1847 in
1270 1816 1321 1847 liis
1347 1816 1558 1856 exequendis
1586 1825 1671 1847 unus
1697 1825 1810 1847 eorum
1852 1817 1990 1847 alterum

170 1888 234 1910 non
261 1881 415 1919 expectet
442 1888 500 1910 nec
527 1888 613 1910 unus
639 1888 699 1919 pro
724 1879 791 1910 alio
817 1888 876 1910 seu
903 1888 961 1919 per
986 1879 1087 1910 alium
1115 1888 1150 1910 se
1177 1880 1328 1913 excuset,
1356 1878 1398 1909 ad
1419 1887 1480 1909 vus
1505 1887 1623 1909 omncs
1653 1881 1682 1909 et
1701 1879 1856 1918 singulos
1874 1888 1993 1919 supra-

169 1941 279 1972 dictos
304 1950 537 1981 personasque
563 1944 593 1971 et
620 1941 692 1972 loca
718 1941 794 1979 alia,
820 1941 860 1972 de
887 1941 1023 1981 quibus,
1050 1941 1117 1979 ubi,
1144 1941 1281 1981 quando
1312 1943 1343 1972 et
1361 1941 1518 1980 quotiens
1537 1940 1724 1980 expediens
1743 1940 1850 1977 fuerit,
1878 1950 1994 1980 perso-

172 2003 288 2034 naliter
311 2003 474 2034 accedant
499 2004 571 2034 sive
597 2004 734 2034 accedat
760 2006 791 2034 et
817 2003 988 2043 predictas
1003 2004 1129 2034 litteras
1147 2003 1355 2043 apostolicas
1381 2011 1474 2034 sacre
1495 2002 1742 2040 Penitentiarie,
1761 2003 1822 2033 lioc
1842 2006 1991 2034 nostrum

172 2073 366 2105 processum
393 2073 431 2095 ac
456 2065 567 2095 omnia
593 2068 624 2096 et
650 2065 782 2105 singula
810 2066 840 2095 in
867 2066 916 2096 eis
941 2067 1097 2096 contenta
1124 2074 1182 2096 seu
1209 2074 1323 2096 eorum
1351 2065 1574 2095 substantiam
1609 2065 1855 2101 concernentia,
1893 2065 1992 2095 vobis

171 2127 329 2157 omnibus
354 2130 384 2158 et
411 2127 555 2167 singulis
581 2127 797 2167 supradictis,
824 2127 1010 2158 comuniter
1037 2127 1089 2158 vel
1116 2127 1263 2163 divisim,
1301 2126 1422 2166 legant,
1461 2126 1647 2163 intliiment,
1679 2126 1850 2157 insinuent
1887 2130 1917 2157 et
1955 2126 1991 2156 ti-

172 2190 289 2220 deliter
315 2189 486 2229 publicare
513 2191 701 2229 procurent,
727 2198 765 2220 ac
791 2189 917 2220 eisdem
944 2189 1091 2219 dominis
1110 2187 1293 2219 Abbatisse
1312 2190 1343 2218 et
1369 2187 1579 2218 Monialibus
1599 2187 1853 2227 principalibus
1874 2188 1903 2218 in
1923 2197 1994 2218 om-

172 2252 272 2282 nibus
297 2254 327 2282 et
353 2251 496 2291 singulis
523 2251 553 2281 in
581 2251 775 2291 preinsertis
802 2251 919 2282 litteris
944 2251 1145 2291 apostolicis
1171 2259 1264 2281 sacre
1291 2249 1527 2280 Penitentiarie
1553 2250 1720 2280 contentis
1746 2251 1777 2280 et
1802 2251 1988 2290 expressis,

172 2313 319 2345 efficacis
345 2313 556 2345 defensionis
583 2313 731 2353 presidio
756 2314 916 2344 assistere
957 2312 1081 2344 faciant
1106 2314 1137 2343 et
1171 2312 1311 2352 quilibet
1341 2320 1454 2342 eorum
1493 2311 1604 2349 faciat,
1642 2312 1840 2342 auctoritate
1878 2315 1990 2343 nostra

174 2377 239 2407 imo
266 2376 377 2407 verius
401 2375 600 2415 apostolica,
625 2375 858 2414 aprobatione,
876 2375 1142 2412 confirmatione,
1167 2374 1332 2410 adicionc,
1359 2373 1567 2413 suplecione,
1595 2373 1736 2410 licentia,
1756 2373 1922 2411 facultate,
1942 2382 1995 2405 se-

172 2439 376 2479 gregatione,
402 2438 628 2477 separatione,
654 2437 869 2477 aplicatione,
895 2437 1158 2477 apropriati0ne‚
1184 2436 1416 2473 concessione,
1452 2436 1696 2475 assignatione,
1724 2436 1857 2473 unione,
1885 2437 1994 2467 incor-

174 2501 359 2541 poratione,
384 2501 527 2537 decreto,
555 2499 695 2537 indulto,
721 2499 950 2539 derogatione,
977 2501 1007 2530 et
1032 2499 1107 2530 aliis
1134 2499 1164 2529 in
1191 2499 1240 2529 eis
1267 2498 1462 2538 preinsertis
1500 2498 1616 2529 litteris
1653 2498 1852 2537 apostolicis
1900 2507 1994 2529 sacre

176 2561 410 2594 Penitentiarie
434 2562 609 2597 contentis,
638 2561 772 2602 plenum
810 2561 961 2592 effectum
1004 2561 1125 2598 sortiri,
1164 2560 1297 2600 illisque
1335 2568 1453 2591 omnes
1491 2568 1577 2599 quos
1614 2562 1818 2590 concernunt
1855 2560 1992 2600 pacifice

175 2624 238 2656 frui
263 2627 293 2656 et
318 2624 475 2665 gaudere,
502 2634 566 2655 non
608 2623 831 2664 permittendo
868 2623 1054 2663 quidquam
1092 2622 1238 2662 desuper
1275 2631 1332 2661 per
1369 2630 1602 2661 quoscumque
1640 2623 1705 2652 tam
1742 2621 1994 2653 ecclesiasticos

177 2695 277 2726 quam
303 2686 473 2719 seculares
499 2686 627 2717 iudices
653 2688 685 2717 et
711 2694 876 2726 personas
901 2686 1146 2724 cuiuscumque
1176 2684 1360 2725 dignitatis,
1387 2685 1506 2721 status,
1543 2684 1680 2724 gradus,
1717 2684 1857 2721 ordinis,
1894 2684 1992 2714 etiam

178 2749 282 2780 sancti
310 2748 493 2785 Benedicti,
507 2751 563 2779 aut
577 2748 730 2779 cuiusvis
744 2748 881 2779 alterius
896 2747 1017 2778 fuerint
1032 2746 1239 2778 conditionis
1256 2748 1287 2777 et
1306 2755 1530 2786 quacumque,
1549 2747 1647 2777 etiam
1669 2746 1866 2786 pontificali,
1885 2746 1993 2786 digni-

177 2812 242 2841 tate
268 2810 318 2841 vel
344 2810 542 2841 auctoritate
567 2810 665 2842 etiam
691 2809 878 2850 apostolica
905 2809 1093 2849 fongantur,
1125 2807 1381 2848 quomodolibet
1418 2808 1598 2844 molestari,
1637 2808 1820 2848 perturbari
1859 2808 1909 2838 vel
1948 2808 1995 2838 in-

177 2872 329 2911 quietari,
355 2880 463 2912 neque
481 2880 539 2903 eas
558 2871 746 2909 molestent,
773 2871 967 2912 perturbent
994 2871 1044 2901 vel
1072 2870 1267 2910 inquietent,
1293 2872 1349 2900 aut
1368 2869 1492 2909 aliquis
1509 2878 1622 2900 eorum
1642 2870 1806 2906 molestet,
1825 2869 1995 2909 perturbet

177 2934 228 2964 vel
254 2934 425 2973 inquietet,
450 2934 713 2965 contradictores
738 2934 908 2974 quoslibet
933 2935 964 2964 et
990 2932 1142 2969 rebelles,
1167 2932 1364 2963 auctoritate
1390 2934 1503 2962 nostra
1544 2932 1610 2961 imo
1648 2932 1759 2962 verius
1795 2931 1997 2971 apostolica,

1962 3017 1987 3037 35
