2305 3407
1950 147 2014 179 313

1015 335 1198 375 MVII.

287 463 314 491 11
339 462 492 498 Capitolo
516 461 549 490 di
574 462 607 493 S,
633 462 803 498 Agostino
828 463 938 490 vende
964 462 973 490 i
999 462 1075 490 beni
1103 463 1137 491 di
1164 462 1320 491 Abiatico
1346 472 1363 491 e
1389 463 1574 500 Filighera.

789 610 926 634 1566
936 626 950 640 .,
988 612 1311 636 εε-ῒῒυιιῑι)ι·ρ
1323 627 1336 641 ,
1357 613 1392 636 5
1404 626 1417 636 0

695 751 774 771 <Aren
793 751 873 771 Nolnr.
891 751 912 771 ili
930 751 1000 771 Panna
1019 763 1039 764 j
1058 752 1106 772 Atti
1122 752 1143 772 di
1160 752 1272 772 diaconio
1288 752 1379 772 Andrea
1396 752 1512 773 Bormum

440 954 483 981 El„
508 952 666 981 convento
691 950 725 981 cli
749 949 781 982 S.
815 950 990 990 Agostino,
1017 951 1047 981 in
1075 960 1142 991 quo
1175 952 1273 982 etiam
1301 961 1317 983 a
1345 953 1517 983 nonnullis
1551 953 1673 984 diebus
1699 955 1779 986 citra
1806 964 1840 986 se
1868 958 2015 987 transtu-

462 1013 569 1044 lerunt
594 1012 636 1044 ad
662 1012 878 1044 residendum
906 1012 1118 1044 venerabiles
1144 1013 1271 1045 domini
1298 1013 1392 1045 Prior
1417 1017 1448 1046 et
1467 1014 1596 1047 Fratres
1622 1016 1772 1047 eiusdem
1793 1016 1931 1048 Ordinis
1957 1020 2012 1058 qui

421 1112 426 1113 ⁷
461 1075 655 1108 residebant
692 1076 722 1106 in
762 1076 968 1106 monasterio
1001 1077 1114 1107 sancte
1153 1076 1314 1107 Mustiole
1344 1076 1471 1116 prefate
1501 1078 1660 1114 civitatis,
1694 1080 1821 1110 attento
1848 1080 1939 1119 quod
1966 1081 2014 1111 di-

265 939 386 1056 N

192 1142 281 1172 ctum
307 1139 547 1171 monasterium
581 1140 696 1170 sancte
729 1137 891 1169 Mustiole
926 1138 1052 1169 unitum
1087 1138 1149 1169 fuit
1181 1139 1270 1170 dicto
1305 1140 1510 1170 monasterio
1543 1141 1647 1171 sancti
1682 1140 1860 1180 Augustini
1895 1143 2014 1174 virtute

193 1202 403 1234 instrumenti
441 1202 546 1242 rogati
582 1210 639 1242 per
665 1201 829 1232 notarium
857 1200 1013 1240 lacopum
1045 1200 1187 1232 Mariam
1226 1201 1446 1233 Ultrabellum
1481 1205 1512 1233 et
1538 1202 1720 1234 litterarum
1747 1205 2011 1244 apostolicarum

192 1266 339 1305 desuper
364 1273 614 1301 concessarum,
639 1264 820 1295 adunatosi
843 1263 866 1294 il
898 1262 1062 1303 Capitolo,
1088 1263 1128 1294 de
1164 1263 1323 1295 mandato
1357 1265 1530 1295 reverendi
1557 1265 1683 1296 domini
1720 1267 1869 1307 magistri
1905 1266 2013 1298 Bona-

192 1330 330 1359 venture
356 1327 565 1358 lanuensis...
592 1325 717 1357 prioris
743 1325 820 1356 dicti
841 1326 1035 1356 monasterii
1062 1325 1116 1356 nel
1138 1325 1218 1365 qual
1234 1326 1377 1366 capitolo
1403 1335 1502 1357 erano
1528 1336 1587 1358 con
1614 1327 1660 1358 [αι’
1676 1328 1837 1359 dominus
1856 1330 2014 1370 magister

192 1390 235 1421 Io.
268 1389 435 1420 Antonius
469 1388 669 1419 Marinonus
707 1388 971 1419 mediolanensis
1004 1388 1150 1418 vicarius
1186 1388 1366 1428 generalis,
1396 1390 1555 1429 magister
1590 1389 1792 1422 Fortunatus
1826 1392 2012 1431 papiensis,

192 1453 350 1493 magister
373 1451 538 1482 lohannes
564 1451 750 1491 papiensis,
777 1451 936 1491 magister
962 1449 1077 1490 Scipio
1104 1449 1279 1481 lanuensis
1304 1460 1424 1491 regens
1450 1452 1563 1489 studii,
1589 1451 1690 1483 frater
1716 1452 1900 1484 Baldassar
1927 1462 2008 1485 nea—

192 1515 363 1555 politanus
389 1513 621 1550 bacalaureus,
648 1513 749 1544 t'rater
766 1511 926 1553 Orpheus
952 1513 1139 1552 papiensis,
1158 1512 1257 1544 frater
1275 1512 1318 1544 10.
1338 1512 1505 1545 Antonius
1532 1515 1719 1555 papiensis.
1745 1514 1845 1546 frater
1871 1515 2014 1547 lacobus

189 1576 375 1617 papiensis,
400 1575 500 1607 frater
531 1573 721 1607 Gulielmus
746 1574 787 1605 de
821 1573 1077 1605 Montefalcono
1104 1574 1214 1610 lector,
1240 1574 1342 1606 frater
1376 1574 1570 1607 Ludovicus
1597 1576 1820 1608 bononiensis
1855 1579 2013 1618 magister

190 1638 305 1676 studii,
331 1637 431 1669 frater
456 1637 549 1668 Felix
576 1637 782 1668 cataniensis
808 1645 936 1671 cursor,
961 1636 1062 1668 frater
1088 1636 1255 1668 lohannes
1282 1637 1514 1676 bononiensis,
1532 1638 1632 1669 frater
1650 1638 1811 1670 Nicolaus
1838 1639 1878 1670 de
1898 1639 2013 1671 Monte

193 1701 298 1732 sancti
333 1698 449 1732 Savini
483 1708 611 1737 cursor,
644 1698 746 1730 frater
779 1698 993 1739 Augustinus
1026 1700 1212 1740 papiensis,
1237 1699 1338 1731 frater
1372 1699 1508 1733 Rochus
1541 1702 1728 1742 papiensis,
1754 1701 1854 1733 frater
1887 1701 2014 1734 Paulus

191 1763 440 1800 derthonensis,
458 1762 558 1794 frater
576 1761 812 1793 Bartolomeus
831 1762 1052 1802 placentinus,
1078 1761 1179 1793 frater
1205 1761 1363 1793 Aurelius
1389 1763 1663 1799 mediolanensis,
1683 1763 1783 1795 trater
1801 1763 2014 1804 Augustinus

192 1825 232 1856 de
258 1824 446 1856 Belenzona
472 1826 502 1855 et
527 1824 625 1855 frater
651 1823 802 1865 Angelus
828 1824 1104 1861 mediolanensis,
1129 1823 1326 1855 facientes...
1353 1824 1420 1856 fere
1447 1827 1551 1856 totum
1570 1825 1754 1865 capitulum
1773 1823 2012 1865 (l),r1'cora'at‹1

193 1887 427 1918 lainvestltura
451 1895 608 1918 concessa
632 1886 686 1918 nel
702 1886 858 1927 febbraio
884 1886 937 1918 del
965 1887 1057 1923 1465,
1083 1886 1141 1917 dai
1164 1887 1314 1917 conventi
1337 1886 1371 1918 di
1395 1885 1427 1918 S.
1446 1886 1608 1927 Agostmo
1626 1896 1642 1918 e
1660 1887 1694 1918 <11¹
1718 1887 1751 1920 S.
1777 1888 2013 1925 Moslz'ola‚clc1'

194 1949 268 1980 beni
298 1949 332 1980 cii
366 1949 517 1980 AbiatIco
550 1958 566 1980 c
595 1949 773 1988 Filighera,
799 1949 834 1980 di
867 1949 953 1980 circa
983 1949 1051 1980 400
1077 1948 1231 1988 perticlze,
1263 1948 1298 1979 al
1329 1949 1453 1980 a‘ottore
1478 1949 1552 1980 nob.
1588 1948 1765 1981 Gerolcmro
1802 1950 2010 1990 Muszgiaria;

194 2011 355 2042 ricordato
381 2010 404 2042 il
428 2013 581 2051 trapasso
617 2012 652 2042 cti
676 2011 756 2042 <letti
787 2011 862 2042 beni
896 2011 949 2042 dei
983 2010 1174 2050 Mangicrrla
1199 2011 1230 2041 1‘11
1259 2009 1427 2043 Giovutmi
1461 2010 1569 2042 Paolo
1606 2012 1782 2043 Attendolo
1812 2013 1865 2043 nel
1904 2013 2012 2047 1531,-

194 2073 356 2104 rr‘cordata
381 2072 414 2103 Ια
438 2072 492 2104 lite
516 2073 640 2104 insorta
664 2073 750 2113 dopo
775 2073 808 2104 Ια
833 2075 933 2104 morte
958 2072 1231 2110 dell'Attendolo,
1252 2073 1371 2113 perche
1395 2082 1457 2104 sua
1482 2074 1603 2113 moglle
1630 2073 1825 2106 Contessina
1851 2074 2012 2106 Barbium

185 2134 285 2174 figlicr
310 2133 494 2174 illegIttt'ma
519 2134 572 2165 clel
596 2136 688 2165 conte
723 2133 820 2166 Carlo
845 2134 880 2165 di·
903 2134 1083 2170 Barbiano,
1106 2134 1306 2174 pretendevcz
1331 2135 1504 2166 succedere
1529 2135 1564 2166 al
1587 2137 1705 2166 marito
1730 2136 1804 2167 nell'
1820 2137 2010 2168 investium]

193 2196 227 2228 di
250 2197 330 2228 detti
361 2196 444 2234 beni,
470 2196 524 2228 lite
549 2196 606 2227 che
631 2195 696 2236 situ*
720 2196 772 2228 col
803 2197 1006 2228 riconoscere
1030 2197 1064 2227 al
1099 2198 1257 2227 convento
1290 2196 1317 2227 11
1345 2196 1453 2228 cliritto
1479 2197 1513 2228 di
1544 2197 1710 2229 esclurlere
1746 2197 1941 2230 Confessum
1967 2199 2010 2230 cla

248 2354 278 2377 (1)
298 2354 323 2375 Αἰ
347 2355 369 2375 17
391 2354 518 2374 settembre
543 2353 599 2379 1566,
622 2359 665 2374 con
686 2355 737 2374 atto
759 2354 780 2374 di
804 2353 952 2374 Bartolomeo
974 2353 1069 2376 Cottoli.

194 2398 287 2419 redatto
302 2399 361 2419 nella
376 2399 511 2419 cancelleria
526 2398 694 2424 dell'ospednle
710 2399 828 2424 maggior-e
843 2398 865 2419 di
882 2398 960 2421 pavia.
977 2398 991 2418 il
1007 2398 1070 2419 Mae-

196 2445 245 2463 stro
260 2443 318 2464 trate
340 2443 453 2464 Giovanni
469 2443 497 2464 da
514 2443 592 2468 l'avia,
609 2443 763 2464 Procuratore
783 2443 804 2463 di
821 2442 842 2463 S.
860 2443 981 2468 Agostino,
997 2443 1072 2463 riceve

195 2487 255 2513 dagli
271 2488 461 2508 aniministratori
483 2487 657 2513 dell'ospertale
673 2487 735 2513 quali
750 2488 812 2508 eredi
829 2488 952 2508 universali
968 2487 989 2507 di
1006 2487 1071 2508 Mad-

195 2531 276 2552 dalena
295 2531 413 2552 Selvatico
428 2532 450 2552 di
473 2531 549 2557 Borgo
570 2531 593 2552 S.
610 2531 661 2553 Siro
676 2532 716 2552 lire
737 2532 761 2552 10
782 2531 893 2557 imperiali
908 2532 938 2552 ad
959 2531 1069 2552 ettectum

192 2577 342 2597 construendi
358 2582 399 2597 seu
414 2577 518 2597 construi
534 2576 632 2597 faciendi
648 2577 742 2598 calicem
759 2582 829 2597 unum
844 2582 857 2597 a
873 2577 943 2597 missa
960 2582 1001 2602 pro
1017 2577 1069 2597 elle-

195 2621 283 2641 mosina
296 2626 335 2646 per
345 2621 419 2646 ipsam
432 2621 604 2647 Magdulenam,
614 2622 709 2642 lnsciate
720 2621 740 2641 al
757 2623 872 2642 convento
882 2621 916 2641 nel
928 2622 1070 2641 testamento

193 2665 206 2686 8
220 2666 318 2691 germaio
335 2665 392 2691 1566,
403 2671 415 2686 a
431 2666 507 2691 rogito
522 2666 583 2686 dello
598 2667 676 2686 stesso
692 2665 788 2687 Cottoli.

249 2709 274 2730 Αἰ
293 2710 316 2730 13
336 2710 461 2731 novembre
481 2710 494 2730 il
514 2710 625 2735 capitolo,
640 2710 662 2731 di
678 2710 713 2731 cui
734 2709 804 2731 fanno
826 2711 892 2735 parte
913 2710 985 2730 :mene
1000 2709 1071 2730 frater

195 2753 429 2779 Mutiusargentinas
443 2755 465 2774 et
480 2753 552 2775 trater
562 2754 646 2775 Petrus
656 2754 835 2780 papienslS,COt1
850 2756 900 2775 atto
916 2754 937 2774 di
949 2753 1072 2775 Guniiorto

195 2797 269 2819 Scotti
284 2799 364 2824 vigore
380 2800 403 2819 et
418 2799 504 2820 virtute
519 2799 655 2820 letterarum
678 2800 700 2820 et
723 2799 836 2820 bullarum
858 2804 885 2820 nc
901 2799 1074 2825 privilegiorum

194 2843 376 2867 apostolicarum
392 2844 415 2863 et
430 2843 614 2868 apostolicorum
631 2843 740 2869 precipue
755 2843 927 2869 appellatorum:
944 2843 1009 2863 Mare
1021 2843 1070 2863 Ma-

195 2892 264 2911 gnum
280 2886 353 2907 eidem
370 2887 512 2908 monasterio
534 2892 699 2908 concessarum
715 2889 738 2908 et
753 2893 930 2912 concessorum,
946 2887 1064 2911 fecerunt,

196 2930 323 2956 ellegerunt
343 2932 365 2951 et
387 2930 530 2956 deputarunt
551 2936 578 2952 :tc
602 2930 689 2952 iaciunt
711 2931 864 2952 reverendum
887 2931 944 2952 iuris
965 2931 1069 2952 canonici

196 2973 316 2995 doctorem
337 2974 456 2996 dominum
472 2975 503 2996 10.
527 2975 625 2996 Mariani
647 2974 791 2996 Simonetam
807 2976 953 3002 prepositum
976 2976 1073 2996 ecclesie

1125 2354 1199 2374 sancti
1215 2353 1307 2379 Georgii
1323 2354 1344 2374 in
1361 2354 1442 2375 Monte
1465 2354 1564 2374 Falcono
1581 2354 1660 2380 l'npie,
1676 2355 1797 2376 absentem
1819 2357 1939 2381 tamquam
1956 2361 2005 2381 mc„

1123 2400 1221 2421 sentem,
1233 2404 1312 2418 eoru⁴n
1329 2399 1350 2418 et
1366 2398 1421 2419 dicti
1438 2399 1571 2419 monasterii
1588 2400 1610 2419 et
1626 2399 1720 2424 capituli
1736 2405 1763 2420 nc
1779 2400 1892 2420 bonorum
1908 2406 2004 2420 suorum

1127 2442 1225 2463 iudicem
1241 2445 1263 2463 et
1278 2444 1577 2467 conservatorem,attenta
1593 2444 1703 2469 precipue
1719 2445 1793 2464 morte
1809 2444 1926 2469 quondam
1943 2450 2006 2465 reve-

1127 2487 1189 2508 rendi
1199 2487 1255 2508 iuris
1271 2488 1392 2513 utriusque
1407 2487 1512 2508 doctoris
1528 2488 1612 2509 domini
1629 2488 1691 2509 Fabii
1707 2488 1806 2509 Viustini
1822 2489 1876 2509 olim
1889 2489 2004 2515 Prepositi

1123 2532 1221 2552 ecclesie
1235 2531 1343 2552 Omnium
1359 2531 1496 2552 Sanctorum
1514 2531 1584 2558 Papie
1595 2538 1674 2553 eorum
1691 2532 1774 2553 iudicis
1789 2535 1811 2553 et
1822 2534 2004 2557 conservatoris,

1123 2576 1152 2596 ad
1168 2577 1190 2596 et
1212 2581 1254 2601 pro
1274 2576 1382 2596 omnibus
1398 2577 1420 2596 et
1442 2576 1540 2601 singulis
1561 2582 1588 2597 uc
1610 2577 1797 2603 quibuscumque
1813 2577 1901 2603 litibus,
1917 2578 2004 2603 causis,

1127 2620 1299 2645 questionibus,
1315 2620 1481 2641 controversiis
1492 2622 1538 2641 tam
1555 2621 1704 2646 presentibus
1714 2627 1783 2646 quam
1800 2621 1884 2642 tuturis
1900 2623 1970 2642 molis
1981 2625 2002 2643 ct

1124 2664 1245 2684 movendis
1256 2670 1297 2690 pro
1308 2664 1406 2689 iuribus,
1422 2665 1492 2685 rebus
1507 2666 1529 2686 et
1546 2665 1613 2685 bonis
1621 2665 1676 2686 dicti
1692 2672 1771 2686 eorum
1784 2667 1917 2687 nnmasterii
1929 2667 2003 2687 sancti

1126 2708 1257 2734 Augustini,
1273 2710 1317 2729 etc.

1180 2754 1206 2774 Αἰ
1231 2754 1253 2774 18
1274 2753 1399 2779 diccnibre,
1414 2760 1457 2774 eon
1477 2756 1529 2775 atto
1549 2754 1570 2775 di
1594 2755 1673 2776 Ettore
1696 2755 1820 2781 Mairchesi,
1839 2756 1964 2776 adunatos-i
1989 2756 2002 2775 il

1129 2798 1232 2823 capitolo
1247 2798 1268 2818 in
1280 2798 1386 2819 sacristia
1398 2800 1420 2819 et
1435 2799 1523 2824 capella
1534 2799 1639 2820 anclione
1655 2805 1783 2820 marmoree
1794 2801 1868 2821 sancti
1880 2800 2002 2826 Augustini

1124 2843 1169 2863 sita
1180 2843 1201 2862 in
1217 2842 1315 2863 ecclesia
1327 2842 1439 2868 eiusdem,
1455 2843 1473 2863 si
1485 2843 1586 2864 delibera
1603 2844 1732 2864 uricarubio
1744 2844 1765 2864 di
1782 2846 1842 2865 terre
1858 2845 1879 2865 in
1891 2844 2002 2866 Garlasco

1120 2887 1155 2907 col
1167 2887 1220 2907 nob.
1233 2886 1323 2907 Matteo
1339 2886 1412 2908 Corti
1430 2887 1452 2907 ln
1464 2890 1549 2913 questo
1565 2888 1706 2908 documento
1722 2887 1792 2908 trater
1808 2888 1898 2909 Mutius
1913 2889 1924 2909 L·
1936 2889 2002 2909 detto

1126 2931 1297 2956 neapolitanus.

1971 3012 1998 3032 »to
