2305 3407
246 188 312 220 238

246 322 270 353 il
293 322 453 362 magister
478 321 577 353 frater
604 321 770 355 Marchus,
793 321 834 352 de
861 319 1030 352 Placentia
1058 321 1159 360 prior,
1185 319 1285 351 frater
1312 319 1462 360 Raphael
1489 320 1672 360 patavinus
1698 328 1828 360 regens,
1861 319 1962 351 frater
1987 319 2066 351 For-

246 387 383 416 tunatus
409 384 450 415 de
476 382 621 421 Cerano,
648 392 743 415 sacre
769 383 940 423 theologie
967 383 1130 423 magistri,
1157 391 1216 414 nec
1243 390 1308 413 non
1335 384 1366 413 et
1391 381 1492 413 frater
1518 381 1733 413 Hieronimus
1759 382 1800 413 de
1826 381 1980 413 Bononia
2006 382 2064 413 ba-

246 446 427 483 chalarius,
455 445 555 477 frater
581 444 806 477 Sebastianus
833 445 874 476 de
902 444 992 476 Fano
1030 445 1144 481 lector,
1182 444 1283 475 frater
1319 443 1480 484 Orpheus
1506 444 1546 475 dc
1572 443 1733 475 Vercellis
1769 443 1938 484 subprior,
1964 443 2064 475 frater

245 507 288 539 lo.
316 507 483 539 Antonius
509 508 549 539 de
575 506 749 548 Gropello,
775 507 875 539 frater
901 507 1064 539 Nicolaus
1090 507 1131 538 de
1159 506 1272 544 Lenta,
1297 506 1397 538 frater
1423 506 1566 538 lacobus
1584 507 1624 537 de
1643 508 1760 537 sancto
1786 505 1941 543 Nazario,
1966 505 2066 538 frater

247 570 290 601 lo.
318 570 472 611 Baptista
498 570 540 601 de
568 569 734 601 Florentia
771 578 898 606 cursor,
937 569 1037 601 frater
1074 567 1211 601 Gabriel
1249 577 1403 610 yspanus
1439 577 1565 607 cursor,
1591 568 1690 600 frater
1717 567 1884 600 Pacificus
1911 571 2063 607 venetus,

245 632 345 664 frater
370 632 584 673 Augustinus
610 632 650 664 de
677 631 851 669 Vercellis,
878 632 977 663 frater
1004 631 1124 663 Petrus
1150 632 1191 663 de
1217 631 1385 669 Terdona,
1422 631 1522 662 frater
1558 630 1765 671 Aliprandus
1790 630 1831 662 de
1858 630 2065 668 Mediolano,

244 695 344 726 frater
371 694 538 726 lohannes
564 695 604 726 de
631 693 813 732 Sartirana,
840 694 939 726 frater
965 693 1106 735 Egidius
1133 694 1174 725 de
1200 693 1359 731 Novaria,
1385 693 1484 724 frater
1511 692 1553 724 lo.
1580 692 1733 734 Baptista
1759 693 1800 724 de
1819 691 1976 733 Surigho,
2009 692 2068 733 ρι’ίι

247 757 283 788 di
307 757 369 788 due
395 757 476 788 terzi
499 751 553 788 del
577 756 720 797 capitolo
739 754 800 796 (l).

1039 983 1281 1024 CMXLI.

335 1103 362 1131 11
390 1103 546 1131 Comune
572 1102 607 1131 di
634 1102 746 1131 Pavia
785 1111 942 1138 approva
980 1102 1205 1130 l'eventuale
1242 1101 1508 1130 trasferimento
1546 1103 1656 1130 anche
1693 1102 1787 1130 della
1824 1101 2009 1130 Comunita
2034 1101 2068 1129 di

245 1157 282 1185 S.
310 1156 421 1185 Paolo
449 1156 482 1184 in
508 1156 606 1184 citta't.

845 1260 1009 1291 1634,
1038 1260 1367 1291 (110e111bre‚
1396 1259 1470 1284 31.

604 1357 681 1379 *Arclr
699 1357 734 1378 del
751 1357 835 1378 Museo
851 1356 931 1379 Civico
947 1357 969 1378 di
985 1359 1042 1378 stor.
1060 1358 1119 1383 patr.
1137 1357 1158 1378 di
1175 1356 1254 1378 pavia.
1270 1368 1295 1370 —
1311 1357 1362 1378 Atti
1377 1356 1402 1378 di
1416 1356 1577 1382 Provvisione,
1593 1361 1666 1382 paceo
1683 1356 1723 1379 18).

303 1551 456 1667 M
488 1547 590 1602 lDLlV,
616 1564 670 1596 die
697 1564 814 1595 ultimo
841 1564 1042 1602 decembris,
1069 1564 1100 1595 in
1127 1563 1292 1604 vesperis.

265 1668 266 1674 1
488 1650 490 1675 5
607 1624 807 1658 Convocato
848 1624 1035 1658 Consilio...
1077 1623 1242 1657 Comunis
1283 1625 1422 1666 Papie...
1463 1623 1738 1657 Commemorato
1763 1624 1855 1665 quod
1892 1633 1958 1655 non
1992 1627 2070 1656 sunt

307 1725 341 1726 W,
376 1712 490 1727 jaffi=
519 1689 623 1730 ignoti
649 1697 801 1720 rumores
827 1688 1067 1720 destructionis
1092 1688 1202 1719 fiende
1229 1690 1458 1720 conventuum
1485 1689 1516 1719 et
1541 1687 1800 1725 hedifficiorum,
1833 1687 1955 1718 circum
1982 1687 2069 1718 circa

247 1753 342 1783 extra
368 1752 539 1783 civitatem
566 1750 671 1791 Papie
697 1751 926 1788 existentium,
951 1750 1128 1790 cupientes
1154 1752 1331 1790 propterea
1358 1749 1477 1791 prefati
1505 1750 1671 1791 magnifici
1697 1750 1824 1781 domini
1863 1750 2072 1781 reverendos

247 1814 406 1845 dominos
448 1813 639 1844 Monachos
680 1813 873 1844 monasterii
915 1812 1021 1843 sancti
1063 1810 1252 1844 Salvatoris
1289 1814 1320 1843 et
1357 1813 1464 1844 sancti
1502 1810 1648 1852 Spiritus
1674 1820 1711 1843 ac
1736 1812 1930 1843 reverendos
1946 1811 2071 1852 fratres

246 1876 354 1907 sancti
382 1875 493 1907 laeobi
520 1877 553 1906 et
578 1875 686 1906 sancti
710 1874 810 1906 Pauli
833 1876 928 1906 extra
955 1876 985 1906 et
1011 1883 1116 1914 prope
1143 1875 1252 1906 menia
1279 1877 1312 1905 ut
1338 1883 1453 1915 supra,
1473 1875 1503 1905 in
1519 1875 1667 1915 presenti
1694 1875 1829 1906 civitate
1855 1874 1945 1905 intus
1960 1874 2068 1905 locum

247 1946 307 1969 seu
334 1939 542 1969 conventum
569 1939 599 1968 et
625 1937 868 1968 habitationem
908 1936 1031 1967 habere
1068 1937 1183 1976 potius
1209 1945 1310 1977 quam
1337 1936 1403 1968 alio
1430 1937 1582 1977 migrare,
1607 1938 1924 1977 cognoscentesque
1950 1935 2068 1977 prefati

248 2000 416 2040 magnifici
443 1999 569 2030 domini
598 1999 690 2039 quod
716 1999 744 2029 si
771 1999 851 2030 dicti
890 1998 1065 2030 reverendi
1103 1997 1221 2030 Patres
1247 1999 1488 2030 habitationem
1515 1998 1677 2030 haberent
1703 1999 1734 2029 in
1761 1999 1824 2030 hac
1850 1999 1998 2037 civitate,
2023 2000 2072 2030 at-

247 2062 348 2093 tentis
374 2061 513 2102 optimis
539 2069 654 2092 eorum
682 2060 834 2091 moribus
859 2062 891 2091 et
916 2060 1140 2100 qualitatibus
1165 2062 1197 2092 et
1223 2060 1337 2092 multis
1362 2060 1577 2101 respectibus
1603 2062 1633 2092 et
1658 2061 1773 2092 causis
1788 2060 2071 2098 commemoratis,

250 2124 384 2155 cederet
410 2132 476 2154 non
503 2132 609 2163 parvo
635 2122 783 2154 comodo
810 2124 840 2154 et
867 2122 1000 2153 utilitati
1027 2123 1213 2154 animarum
1240 2123 1365 2154 civium
1403 2125 1435 2154 et
1471 2123 1580 2154 tocius
1606 2123 1843 2154 comunitatis:
1869 2122 1993 2154 factum
2018 2124 2068 2154 est

248 2187 406 2226 partitum
433 2194 474 2216 an
501 2185 663 2226 expediat
690 2185 742 2216 vel
770 2194 820 2222 ne,
848 2185 1014 2222 videlicet,
1042 2185 1133 2225 quod
1161 2185 1329 2226 magnifici
1357 2185 1484 2216 domini
1504 2184 1547 2216 10.
1567 2184 1721 2217 Andreas
1739 2185 1877 2223 lesbus,
1892 2184 1936 2216 Io.
1955 2183 2070 2217 Simon

249 2248 289 2279 de
317 2248 345 2279 la
372 2247 489 2285 Turre,
517 2247 691 2280 Rolandus
717 2245 855 2279 Curtius
881 2247 1123 2285 iurisconsulti,
1150 2247 1352 2279 Manfredus
1378 2246 1507 2279 Ozinus
1525 2247 1783 2279 refferendarius
1801 2247 1901 2278 huius
1915 2247 2073 2285 civitatis,

250 2309 421 2341 Franchus
460 2309 616 2345 Lonatus,
656 2308 794 2340 Mafeus
820 2309 860 2340 de
887 2308 1045 2349 Georgiis
1071 2311 1102 2340 et
1129 2308 1323 2341 Alexander
1359 2310 1400 2341 de
1439 2309 1616 2350 Folpertis‚
1653 2310 1828 2341 eveniente
1867 2317 1948 2340 casu
1985 2309 2072 2340 dicte

250 2372 492 2403 destructionis
519 2372 683 2403 dictorum
722 2372 1015 2409 monasteriorum,
1053 2372 1104 2402 vel
1143 2372 1248 2410 aliter,
1275 2372 1560 2412 quandocumque
1597 2372 1725 2403 eisdem
1752 2372 1922 2403 videbitur
1947 2374 1978 2403 et
2003 2371 2074 2412 pla-

250 2435 366 2471 cuerit,
392 2443 505 2466 curam
533 2435 680 2466 habeant
707 2436 738 2466 et
763 2435 998 2466 auctoritatem
1025 2443 1063 2466 ac
1090 2436 1291 2474 potestatem
1318 2434 1549 2465 omnimodam
1591 2434 1792 2475 providendi
1819 2435 1850 2465 et
1875 2433 2069 2474 exequendi

251 2497 342 2536 quod
370 2497 434 2536 ipsi
461 2497 635 2528 reverendi
665 2496 801 2527 Monaci
828 2499 859 2528 et
886 2496 1016 2528 Fratres
1043 2497 1185 2537 predicti
1211 2496 1348 2527 omnino
1368 2496 1513 2527 habeant
1532 2496 1774 2527 habitationem
1793 2504 1851 2527 seu
1870 2497 2073 2527 conventum

252 2559 335 2590 intra
362 2559 471 2590 menia
497 2559 586 2590 dicte
613 2559 771 2594 civitatis,
799 2559 842 2589 ita
869 2561 978 2590 tamen
1007 2559 1098 2599 quod
1125 2558 1387 2590 accomodentur
1414 2559 1444 2589 in
1472 2558 1686 2590 monasteriis
1713 2558 1776 2589 iam
1803 2558 2018 2596 constructis,
2043 2560 2074 2589 et

252 2629 317 2651 non
343 2620 438 2651 aliter
464 2629 523 2652 nec
549 2621 616 2651 alio
644 2620 756 2657 modo,
782 2623 812 2651 et
839 2621 931 2660 quod
959 2621 1150 2652 nullatenus
1175 2620 1369 2660 expendere
1395 2620 1530 2660 possint
1555 2620 1642 2651 circa
1669 2620 1834 2660 premissa
1871 2619 2073 2660 exequenda

325 2804 343 2825 1)
359 2802 506 2825 Ricordiaino
521 2803 562 2823 che
578 2802 598 2823 ai
614 2803 626 2822 2
642 2803 767 2822 novembre
781 2803 829 2823 1554
841 2802 863 2822 fn
876 2802 912 2822 dal
924 2803 1003 2823 notaio
1016 2802 1137 2823 Leon-‘udo
1193 2803 1323 2823 testatoris.

257 2848 337 2869 Crassi
354 2850 437 2873 rogato
453 2847 466 2867 il
483 2849 627 2868 testamento
638 2847 674 2867 del
686 2847 763 2867 nobilc¹
779 2846 906 2867 Ottavtano
923 2847 1044 2868 Landriani
1061 2847 1097 2868 del
1113 2847 1135 2868 tu
1245 2847 1323 2867 Anche
1338 2847 1358 2867 ai
1374 2847 1386 2867 7
1402 2847 1519 2868 dicembrc
1535 2846 1571 2867 del
1589 2848 1647 2872 1554,
1663 2846 1695 2867 tra
1712 2847 1741 2873 gli
1757 2847 1800 2868 atti
1816 2847 1838 2867 di
1855 2846 1975 2868 Gherardo
1991 2847 2070 2873 Magni

257 2892 315 2913 Gian
332 2892 420 2917 Nicola,
436 2892 457 2912 di
474 2892 570 2916 Mitano,
581 2892 686 2912 abitantc
702 2892 722 2912 in
740 2892 848 2917 parochia
864 2892 885 2911 di
902 2891 924 2912 Si
941 2892 1004 2912 Zeno
1020 2892 1041 2912 di
1058 2891 1136 2915 Pavia,
1193 2891 1307 2912 troviamo
1323 2891 1336 2911 il
1353 2893 1495 2912 testamento
1511 2891 1532 2911 di
1548 2891 1662 2916 Agostino
1673 2891 1748 2912 Maria
1759 2891 1786 2912 de
1797 2890 1979 2916 Cernusc010,di
1992 2890 2071 2917 pavia,

259 2937 294 2957 nel
311 2937 379 2962 quale
395 2936 494 2962 dispone
510 2935 573 2961 quod
589 2936 690 2956 cadaver
705 2941 772 2956 suurn
789 2936 916 2961 sepeliatur
927 2936 948 2956 in
960 2936 1057 2956 ccclesia
1068 2936 1142 2956 sancti
1198 2936 1303 2956 abit-ante
1318 2936 1340 2956 in
1356 2935 1493 2957 Parrocchia
1518 2936 1539 2956 di
1562 2935 1585 2957 S.
1602 2935 1704 2957 Martino
1726 2936 1748 2956 in
1771 2935 1848 2957 Pietra
1871 2935 1935 2961 Lata,
1951 2935 1986 2956 col
2002 2936 2071 2961 quale

258 2981 381 3005 Augustini
399 2980 477 3006 l’apic,
494 2981 515 3001 in
531 2981 652 3006 sepultura
669 2980 719 3001 cius
734 2981 860 3005 consortiS,
870 2980 952 3001 induto
962 2980 1013 3006 ipso
1024 2980 1138 3001 cadaveri:
1193 2980 1287 3001 mandat
1302 2980 1402 3001 cadaver
1417 2986 1485 3001 sunm
1501 2980 1594 3006 sepeliri
1610 2980 1724 3001 deberem
1735 2980 1845 3006 sepulcro
1859 2980 1934 3006 ipsius
1949 2980 2072 3001 testatoris

258 3026 378 3046 sacculo..
395 3025 451 3045 ltem
468 3025 542 3045 vult...
567 3025 630 3050 quod
653 3025 744 3050 singula
767 3024 897 3045 ebdomada
920 3025 1050 3045 celebretur
1066 3025 1137 3045 missa
1194 3026 1215 3046 et
1231 3026 1407 3046 antecessorum
1423 3030 1519 3045 suorum
1542 3025 1563 3045 in
1586 3025 1684 3046 ecclesia
1707 3025 1842 3046 monasterii
1857 3024 1931 3046 sancti
1948 3023 2071 3049 Augustini

259 3074 303 3090 una
319 3070 340 3090 in
357 3070 454 3090 ecclesia
469 3069 544 3090 sancti
560 3069 683 3094 Augustini
699 3069 798 3095 predicti
815 3074 856 3094 pro
871 3069 947 3090 anima
963 3069 1038 3095 ipsius
1053 3069 1139 3090 domini
1195 3069 1289 3090 Ordinis
1304 3069 1474 3090 Heremitarunt
1490 3069 1569 3095 Papio.
