2305 3407
1962 144 2025 176 207

211 275 392 307 cerimonie
417 275 460 306 ad
487 277 617 316 portam
643 275 801 307 maiorem
843 276 952 316 ipsius
993 275 1136 308 ecclesie
1178 278 1276 316 prout
1302 277 1333 308 in
1360 276 1505 308 ecclesia
1531 277 1659 308 maiori.
1686 277 1718 308 ln
1745 279 2027 318 processionibus

211 340 367 369 cantores
391 338 543 378 apparati
571 338 754 378 precedant
779 339 864 370 inter
889 340 1066 378 utrumque
1091 340 1308 371 conventum.

301 399 447 439 Quando
488 401 665 441 contigerit
705 401 832 441 pulsari
873 409 1009 441 organa,
1050 400 1250 441 Magneficat
1273 409 1312 431 eo
1338 402 1418 432 tono
1458 403 1609 432 cantetur
1646 402 1739 441 quod
1764 401 2030 433 ebdomadarius

212 463 336 495 chorus
373 463 591 503 disposuerit,
621 463 804 494 dummodo
832 472 890 494 nec
916 465 1014 494 sexto
1041 463 1091 494 vel
1119 463 1227 503 primo
1254 472 1313 494 seu
1340 464 1486 503 septimo
1527 465 1607 494 tono
1647 465 1807 495 cantetur.
1835 464 2033 503 Magnificat

214 534 279 556 non
306 527 458 556 cantetur
484 526 515 556 in
541 527 621 556 tono
647 525 789 557 solemni
818 526 881 556 nisi
908 526 939 556 in
967 525 1162 565 duplicibus
1189 525 1374 556 maioribus
1399 528 1430 556 et
1457 526 1532 556 item
1561 525 1768 557 Benedictus.
1798 526 1908 557 Maior
1933 529 1964 557 et
1989 535 2031 557 ex

215 589 307 628 parte
332 588 424 618 chori
451 587 612 627 disponat
638 588 679 618 ad
707 588 836 618 libitum
862 588 903 618 de
929 586 1044 619 Chirie
1069 588 1220 628 eleyson,
1247 596 1288 618 ex
1315 588 1490 618 consuetis
1516 589 1639 618 tamen.

305 649 337 680 ln
363 649 598 680 decantatione
642 648 746 681 Credo
787 649 1000 681 dominicalis
1025 652 1056 680 et
1082 649 1144 680 Iste
1168 648 1341 689 consessor
1375 658 1439 679 non
1479 649 1642 680 habeatur
1684 650 1822 680 omnino
1863 650 1947 680 ratio
1976 659 2036 680 no-

216 714 332 747 tarum,
370 712 429 743 sed
466 714 563 743 cantu
603 712 791 752 praticabili
829 714 1013 743 cantentur.
1052 711 1174 752 Hymni
1201 711 1257 751 qui
1285 720 1350 741 nou
1378 711 1462 742 bene
1489 714 1679 743 consonant
1706 712 1860 743 dicantur
1885 721 1925 743 eo
1952 714 2032 742 tono

216 775 379 805 hactenus
416 777 589 811 consueto,
627 774 752 805 scilicet
789 774 829 805 de
863 774 982 805 Eterszu
1011 773 1131 806 Clzristi
1154 782 1289 810 numera
1316 775 1349 804 ut
1387 773 1458 805 lesu
1484 782 1605 804 corona
1635 775 1804 813 virgiuum.
1845 774 1883 805 Et
1922 775 1953 805 in
1981 783 2036 806 so-

218 836 448 868 lemnitatibus
473 837 671 876 duplicibus
697 837 792 867 Nuus
816 838 928 867 salicta
953 836 1048 867 nobis
1072 837 1205 876 spiritus
1229 836 1426 867 canteturin
1443 838 1523 867 tono
1541 837 1582 868 de
1598 836 1717 867 Eremia
1745 836 1866 869 Christi
1891 846 2034 868 munera.

307 897 490 938 Sequentia
515 901 718 929 mortuorum
735 899 908 930 alternatis
934 899 1047 929 choris
1072 900 1231 935 cantetur,
1257 900 1287 929 et
1315 899 1530 938 responsoria
1550 898 1712 930 funeralia
1734 900 1821 939 regis
1841 899 2034 939 Liutprandi

217 962 248 991 et
274 959 442 991 Abbatum
470 960 690 992 decantentur
716 970 816 1001 super
842 970 955 992 eorum
984 961 1131 992 tumulos
1158 960 1267 991 solum
1294 961 1337 991 ab
1364 961 1448 1001 ipsis
1476 961 1727 992 venerabilibus
1754 960 1946 993 Canonicis.

305 1022 336 1053 ln
364 1023 593 1053 sacratissima
635 1022 846 1053 solemnitate
888 1022 1084 1053 Nativitatis
1127 1022 1260 1053 Domini
1304 1023 1407 1053 nostri
1447 1022 1519 1054 lesu
1546 1022 1672 1055 Christi
1699 1025 1729 1054 et
1756 1023 2034 1059 Resurrectionis,

215 1083 444 1119 Pentecostes,
484 1084 741 1125 Assumptionis
780 1084 880 1116 Beate
918 1084 1076 1125 Virginis,
1117 1084 1202 1116 Petri
1230 1088 1261 1116 et
1289 1084 1382 1116 Pauli
1409 1094 1447 1116 ac
1476 1085 1667 1116 Beatissimi
1707 1085 1817 1117 Patris
1856 1085 2036 1126 Augustini

215 1147 342 1187 primus
369 1153 605 1178 nocturnorum
632 1156 705 1178 cum
734 1147 874 1187 psalmis
901 1150 930 1178 et
958 1148 1194 1187 responsoriis,
1214 1147 1261 1178 Te
1296 1146 1401 1178 Deum
1445 1148 1633 1184 laudamus,
1660 1147 1853 1188 Capitulum
1890 1149 2036 1185 laudum,

216 1209 370 1250 Hymnus
396 1212 427 1240 et
453 1209 657 1241 Benedictus
684 1210 904 1241 decantentur
929 1213 959 1241 et
986 1210 1065 1240 nihil
1094 1211 1124 1240 in
1151 1210 1280 1240 ceteris.
1297 1209 1404 1240 Minui
1421 1212 1530 1241 autem
1558 1210 1667 1250 possit
1693 1219 1710 1241 a
1737 1211 1910 1250 superiore
1946 1211 2037 1241 chori

215 1272 459 1310 ebdomadarii‚
480 1273 510 1302 in
530 1272 650 1303 ceteris
678 1281 756 1303 vero
783 1272 1026 1303 festivitatibus
1042 1272 1068 1302 si
1084 1272 1192 1303 eidem
1208 1272 1372 1312 superiori
1401 1272 1580 1309 videbitur,
1607 1272 1717 1303 solum
1734 1273 1862 1313 primus
1882 1273 2039 1313 hymnus,

222 1333 264 1364 Te
290 1333 396 1364 Deum
422 1333 606 1369 laudamus,
635 1335 666 1365 et
691 1342 709 1364 a
736 1332 896 1374 Capitulo
935 1334 1084 1364 Laudum
1123 1335 1154 1365 in
1192 1336 1289 1365 antea
1328 1335 1497 1365 decantari
1525 1337 1692 1374 poterunt,
1729 1335 1846 1366 addito
1873 1336 1963 1375 quod
1995 1336 2038 1367 Te

217 1395 323 1426 Deum
349 1395 526 1427 laudamus
551 1398 703 1427 cantetur
728 1397 800 1427 sine
827 1397 940 1436 aliqua
967 1397 1163 1427 intermedia
1191 1397 1411 1428 intonatione.

285 1457 317 1489 In
345 1459 620 1489 inchoationibus
646 1458 827 1489 offitiorum
855 1468 920 1489 non
948 1459 1126 1498 incipiatur
1163 1459 1291 1498 primus
1332 1461 1517 1490 nocturnus
1555 1459 1617 1489 nisi
1657 1460 1750 1499 prius
1784 1459 1871 1491 facto
1897 1461 1995 1500 signo
2021 1469 2038 1491 a

218 1520 341 1551 maiore
368 1521 399 1550 in
425 1521 528 1551 choro
554 1520 725 1551 existenti.

307 1582 338 1613 ln
364 1582 607 1613 festivitatibus
634 1581 735 1613 Beate
762 1582 910 1621 Virginis
937 1582 1093 1613 videlicet
1118 1581 1372 1622 Conceptionis,
1392 1582 1615 1621 visitationis,
1636 1582 1912 1621 Presentationis,
1928 1585 2039 1615 onmia

217 1646 302 1677 sicut
329 1646 359 1676 in
386 1644 569 1676 Nativitate
595 1645 745 1675 eiusdem
773 1645 862 1678 fiant.
890 1646 1016 1675 mutato
1043 1645 1176 1675 nomine
1203 1645 1390 1675 nativitatis
1417 1647 1448 1676 et
1475 1645 1687 1677 lectionibus.

305 1707 370 1748 lpsi
398 1707 571 1738 reverendi
600 1709 712 1747 patres
739 1706 942 1738 Heremitani
985 1709 1162 1738 teneantur
1198 1707 1302 1738 libros
1329 1708 1359 1738 in
1386 1708 1489 1738 choro
1531 1708 1654 1739 hahere
1696 1710 1833 1748 paratos
1859 1711 1890 1740 et
1917 1709 1957 1740 de
1984 1718 2041 1740 ne-

216 1770 376 1801 cessariis
402 1769 496 1800 libris
523 1769 554 1800 in
595 1769 697 1800 choro
736 1769 926 1809 providere,
952 1771 982 1800 et
1009 1770 1048 1800 de
1088 1770 1172 1809 ipsis
1199 1769 1293 1801 libris
1331 1772 1484 1801 servetur
1521 1770 1703 1801 laudabilis
1743 1772 1956 1802 consuetudo
1983 1772 2040 1802 ha-

216 1834 333 1863 ctenus
359 1834 504 1863 servata.

306 1895 443 1925 Noctem
468 1895 623 1934 quletum,
649 1896 680 1925 et
706 1894 787 1925 DIes
812 1896 843 1924 et
867 1896 960 1925 actus
984 1896 1113 1925 nostros
1138 1895 1268 1925 dicatur
1293 1904 1310 1925 a
1337 1895 1442 1926 choro
1469 1895 1524 1926 ubi
1551 1896 1611 1926 erit
1637 1896 1892 1927 ebdomadaria.

309 1957 475 1997 Imagines
501 1966 566 1987 non
594 1959 761 1987 mutentur
786 1966 844 1987 nec
871 1957 1092 1988 devastentur
1118 1958 1149 1987 in
1176 1957 1291 1997 aliquo
1318 1958 1402 1993 loco,
1429 1960 1460 1989 et
1487 1958 1517 1988 in
1546 1958 1628 1989 locis
1655 1959 1858 1989 comunibus
1896 1968 1960 1990 non
1988 1968 2037 1990 re-

219 2020 400 2059 pingantur
425 2019 488 2049 nisi
516 2019 557 2049 de
584 2019 716 2049 comuni
744 2027 925 2050 consensu.

308 2079 454 2118 Quando
480 2081 656 2121 contigerit
682 2081 713 2111 in
740 2081 793 2111 die
820 2080 1015 2112 Nativitatis
1042 2080 1176 2111 Domini
1204 2082 1308 2111 nostri
1336 2081 1407 2112 lesu
1435 2080 1560 2113 Christi
1588 2084 1618 2113 et
1644 2082 1779 2113 duabus
1813 2083 2037 2122 sequentibus

218 2143 350 2180 diebus,
377 2141 667 2180 Circumcisionis,
695 2142 895 2182 Epiplianie,
922 2142 1181 2179 Purificationis‚
1220 2142 1506 2179 Annuntiationis,
1534 2144 1756 2181 Visitationis‚
1785 2144 2039 2184 Assumptionis

219 2207 250 2236 et
276 2204 472 2236 Nativitatis
498 2204 600 2236 Beate
627 2204 744 2241 Made,
772 2204 1040 2236 Resurrectionis
1065 2213 1138 2235 cum
1159 2205 1294 2236 duobus
1313 2206 1537 2245 sequentibus
1552 2206 1684 2243 diebus,
1701 2206 1934 2241 Ascensionis,
1954 2206 2038 2237 Pen-

220 2269 365 2298 tecostes
390 2276 465 2298 cum
491 2267 628 2297 duobus
654 2266 877 2306 sequentibus
903 2266 1035 2303 diebus,
1062 2264 1224 2306 Corporis
1250 2265 1383 2297 Domini
1410 2275 1448 2297 ac
1474 2267 1579 2298 sancti
1607 2267 1764 2298 Iohannis
1791 2267 1953 2308 Baptiste,
1980 2268 2038 2299 eb-

218 2329 452 2360 domadarium
478 2337 555 2359 esse
580 2337 622 2359 ex
649 2330 741 2368 parte
783 2329 932 2368 ipsorum
960 2326 1219 2365 Canonicorum,
1245 2328 1382 2358 omnino
1423 2330 1598 2359 teneantur
1624 2329 1687 2369 ipsi
1714 2327 1877 2361 Canonici
1912 2338 2036 2369 ponere

220 2391 393 2423 candellas
418 2391 460 2422 ad
487 2391 590 2421 altare
628 2391 736 2422 maius
773 2392 899 2421 tantum
927 2390 957 2420 in
986 2390 1138 2430 vesperis
1164 2391 1196 2420 et
1221 2390 1416 2427 matutinis;
1443 2391 1594 2430 provisio
1636 2400 1715 2421 vero
1741 2392 1968 2423 candellarum
1995 2393 2036 2423 ad

221 2454 418 2485 matutinum
456 2452 646 2484 ebdomade
684 2454 798 2483 sancte
835 2452 901 2489 fiat,
929 2453 1026 2492 prout
1053 2452 1227 2487 hactenus,
1268 2452 1312 2482 ab
1339 2452 1424 2491 ipsis
1451 2452 1604 2492 patribus
1632 2452 1856 2484 Heremitanis
1882 2455 1913 2484 et
1938 2454 2037 2485 etiam

221 2515 373 2556 provisio
399 2515 576 2546 olivarum.

309 2577 342 2608 ln
367 2577 454 2609 festo
480 2577 624 2609 alicuius
650 2578 765 2608 sancte
792 2576 936 2607 martiris
962 2577 1100 2613 tantum,
1127 2576 1183 2606 fiat
1208 2575 1316 2606 eidem
1336 2574 1478 2606 offitium
1498 2576 1538 2607 de
1557 2576 1685 2617 virgine
1700 2579 1731 2608 et
1746 2577 1887 2608 martire.
1907 2576 1940 2609 Si
1959 2586 2038 2608 con-

221 2639 340 2680 tigerit,
367 2639 458 2680 quod
484 2638 578 2671 Deus
603 2641 744 2674 avertat,
769 2638 897 2678 aliquid
925 2638 1067 2669 dessidii
1095 2638 1178 2668 inter
1204 2638 1297 2677 ipsas
1323 2640 1436 2677 partes
1462 2638 1619 2676 suboriri,
1637 2640 1714 2670 tunc
1733 2639 1938 2671 venerabilis
1964 2649 2037 2680 pre-

220 2702 354 2742 positus
378 2710 452 2733 cum
478 2702 583 2733 altero
609 2710 650 2733 ex
677 2701 748 2733 suis
774 2698 970 2738 Canonicis‚
996 2702 1027 2731 et
1054 2699 1258 2730 venerabilis
1285 2698 1388 2737 Prior,
1403 2709 1477 2731 cum
1504 2700 1609 2732 altero
1634 2710 1675 2732 ex
1702 2701 1774 2733 suis
1801 2701 1974 2733 Fratribus
1991 2702 2037 2733 el-

222 2763 317 2801 lecto,
353 2764 522 2802 studeant,
559 2771 775 2804 componere,
812 2764 843 2794 et
870 2763 901 2793 in
927 2770 1008 2793 casu
1034 2761 1205 2793 discordie
1231 2761 1370 2801 quintus
1410 2762 1576 2803 elligatur,
1618 2764 1674 2803 qui
1713 2764 1812 2795 simul
1850 2773 1925 2795 cum
1952 2765 2037 2805 ipsis

220 2827 366 2865 quatuor
390 2826 504 2857 omnia
528 2826 743 2866 componant.

309 2886 452 2919 Demum
477 2889 652 2919 teneantur
677 2886 774 2918 ambe
811 2888 924 2927 partes
951 2886 1027 2917 hine
1053 2885 1095 2917 ad
1121 2885 1245 2917 festum
1272 2884 1492 2918 Pentecostes
1529 2887 1720 2927 proximum
1747 2888 2034 2919 confirmationem

220 2949 461 2989 premissorum
488 2958 547 2990 per
571 2950 728 2990 patentes
752 2948 865 2980 literas
905 2956 1043 2980 suorum
1077 2945 1291 2979 Generalium
1318 2948 1361 2979 im
1388 2948 1544 2980 manibus
1577 2950 1781 2981 notariorum
1809 2950 2034 2991 rogandorum

219 3010 399 3049 deducere,
424 3013 455 3043 et
481 3012 670 3043 inserantur
695 3010 736 3042 de
761 3010 867 3042 verbo
892 3008 935 3041 ad
961 3009 1101 3041 verbum
1128 3009 1160 3040 in
1187 3008 1248 3040 hac
1274 3010 1502 3041 transactione
1527 3011 1592 3042 sub
1618 3019 1704 3051 pena
1741 3011 1914 3043 amittendi
1953 3011 2034 3042 iuris
