2305 3407
257 153 322 186 262

255 294 402 326 unquam
430 283 540 315 futuro
566 285 716 322 tempore
742 279 924 321 reperiatur
949 275 1112 318 prefatam
1149 273 1327 306 ecclesiam
1354 272 1476 303 habere
1501 270 1566 302 alia
1591 278 1693 302 onera
1719 270 1897 301 missarum
1936 268 1987 300 vel
2024 267 2074 299 of-

253 348 416 380 ficiorum.
441 345 518 376 dicti
546 343 662 375 Patres
688 342 795 374 sancti
823 339 1002 380 Augustini
1040 339 1215 368 teneantur
1239 338 1270 366 et
1295 334 1434 374 obligati
1461 334 1527 365 sint
1564 332 1711 374 prefatas
1737 332 1905 363 Moniales
1930 340 1948 363 a
1974 332 2074 363 dictis

255 409 427 445 oneribus,
454 408 484 438 in
513 405 705 438 huiusmodi
743 402 902 444 capitulis
929 409 994 432 non
1019 399 1198 436 contentis,
1235 399 1402 429 immunes
1439 397 1598 435 relevare,
1623 398 1679 428 aut
1704 404 1742 427 ea
1767 395 1993 427 emolumenta
2019 403 2076 426 su-

256 471 417 513 pradictis
443 469 648 501 monialibus
675 467 824 499 relaxare
862 474 927 504 que
964 465 1062 494 antea
1101 460 1264 502 prefatum
1292 460 1531 491 monasterium
1559 460 1673 490 sancte
1701 458 1875 490 Mustiolle
1899 458 2075 489 habuisset

256 542 316 574 pro
343 533 428 573 ipsis
453 531 624 566 oneribus,
650 533 679 560 et
707 529 737 559 in
764 527 819 558 tali
847 534 928 558 casu
955 523 1137 555 Monialles
1163 523 1310 563 predicte
1336 523 1448 553 omnia
1485 530 1586 553 onera
1613 521 1760 562 predicte
1786 520 1926 552 ecclesie
1953 521 2078 551 incom-

256 596 367 626 bentia
393 602 540 633 congrue
567 594 743 632 suportare
770 590 954 625 teneantur,
980 594 1113 626 semper
1131 588 1241 616 tamen
1261 587 1432 615 reservato
1450 584 1542 623 quod
1568 584 1654 615 dicte
1681 583 1864 614 Monialles
1893 591 2076 622 numquam

256 657 390 697 possint
416 656 554 687 alterare
581 654 742 684 rationem
769 650 1000 691 sepulcrorum
1027 650 1058 680 et
1083 647 1274 688 capelarum
1308 647 1338 677 in
1377 647 1599 687 preiudicium
1633 655 1747 678 eorum
1775 647 1831 686 qui
1858 654 1916 677 eas
1942 645 2076 676 liabent.

257 719 289 750 ln
318 720 380 750 noc
407 718 506 749 etiam
533 717 619 747 dicte
646 717 759 755 partes
786 714 868 744 inter
909 720 944 743 se
982 711 1212 742 convenerunt
1250 709 1341 749 quod
1380 709 1406 740 si
1445 709 1569 739 dictum
1596 709 1836 740 monasterium
1863 711 1976 740 sancte
2003 707 2080 739 Mu-

256 782 366 813 stiolle
393 782 558 811 teneretur
584 778 715 809 solvere
740 775 840 807 alicui
868 782 1011 814 persone
1048 772 1100 804 vel
1138 772 1280 803 ecclesie
1316 774 1372 802 aut
1410 771 1592 811 quibusvis
1617 771 1693 802 aliis
1723 771 1879 812 personis
1916 771 2003 808 ficta,
2036 771 2081 802 le-

257 847 344 886 gata,
370 842 588 874 ellemosinas
614 839 666 871 vel
693 838 842 879 quodvis
866 836 958 868 aliud
984 844 1082 872 onus,
1119 834 1211 874 quod
1250 833 1443 865 huiusmodi
1470 841 1522 865 res
1547 833 1693 864 debeant
1726 833 1875 874 persolvi
1901 836 1932 864 et
1956 833 2079 873 exequi

258 916 316 948 per
341 906 527 946 predictum
555 902 794 934 monasterium
822 900 928 932 sancti
956 898 1148 939 Augustini,
1173 897 1215 928 ad
1250 896 1342 936 quod
1369 896 1566 936 pervenient
1591 896 1691 933 tona,
1718 895 1875 926 introitus
1899 898 1930 926 et
1955 895 2083 926 emolu-

259 971 368 999 menta
406 969 521 998 sancte
559 964 744 1001 Mustiolle,
783 972 849 993 non
886 965 997 993 autem
1036 969 1094 1001 per
1131 959 1299 1000 predictas
1336 959 1529 996 MonialleS,
1555 959 1628 990 sive
1653 959 1702 990 eis
1727 957 1952 989 emolumenta
1978 960 2010 989 et
2035 958 2083 989 in-

259 1031 378 1062 troitus
405 1029 597 1060 relaxentur
623 1025 910 1066 quemadmodum
938 1031 1040 1063 supra
1067 1023 1192 1053 dictum
1219 1024 1279 1053 est.

349 1092 426 1123 ltem
453 1091 544 1131 quod
571 1091 598 1121 si
627 1089 693 1120 ullo
721 1096 868 1128 unquam
907 1089 1057 1126 tempore
1095 1084 1289 1116 huiusmodi
1315 1086 1508 1115 contractus
1534 1083 1764 1124 quovismodo
1790 1083 1842 1114 vel
1868 1091 1972 1114 causa
2001 1091 2084 1114 anu-

261 1155 318 1186 lari
356 1156 412 1185 aut
449 1153 600 1185 revocari
639 1151 858 1191 contingeret,
896 1149 968 1180 sine
994 1147 1095 1185 facto,
1121 1155 1224 1178 causa
1267 1146 1318 1177 vel
1356 1146 1456 1186 culpa
1493 1146 1657 1177 dictarum
1696 1146 1839 1186 partium
1866 1146 1918 1177 vel
1945 1146 2084 1178 alterius

260 1227 301 1249 ex
328 1218 388 1255 eis,
414 1216 500 1248 adeo
527 1215 619 1255 quod
646 1213 838 1254 supradicte
866 1211 1047 1242 Monialles
1073 1211 1210 1250 propter
1247 1208 1440 1239 huiusmodi
1478 1208 1729 1240 annulationem
1755 1211 1811 1240 aut
1837 1210 2085 1240 revocationem

261 1279 390 1320 prefato
417 1278 632 1315 monasterio,
659 1276 801 1308 ecclesia
839 1276 870 1306 et
907 1274 1007 1305 bonis
1044 1280 1258 1312 nequaquam
1289 1271 1334 1302 uti
1360 1273 1391 1302 et
1416 1270 1478 1302 frui
1509 1271 1643 1311 possint
1668 1273 1702 1303 ut
1727 1280 1830 1312 supra
1855 1271 1980 1303 dictum
2017 1274 2085 1311 est,

261 1342 352 1383 quod
380 1351 445 1373 non
472 1341 628 1377 creditur,
670 1338 761 1379 quod
789 1338 820 1368 in
847 1337 902 1368 tali
940 1344 1021 1367 casu
1061 1335 1150 1366 dicte
1188 1334 1370 1365 Monialles
1408 1334 1541 1374 possint
1581 1334 1744 1374 consequi
1771 1342 1789 1365 a
1815 1333 1946 1375 prefato
1972 1343 2088 1366 mona-

261 1405 363 1436 sterio
389 1405 494 1435 sancti
522 1401 701 1443 Augustini
728 1409 847 1431 omnes
873 1399 948 1430 illas
973 1398 1137 1439 pecunias
1164 1406 1250 1437 quas
1275 1399 1353 1428 tunc
1379 1397 1541 1437 temporis
1567 1397 1727 1436 receperit
1754 1397 1868 1437 vigore
1901 1398 2086 1438 supradicti

261 1471 467 1503 contractus,
494 1475 553 1497 nec
580 1474 645 1496 non
671 1464 784 1495 onmia
809 1463 873 1493 alia
901 1462 1152 1493 melioramenta
1179 1469 1243 1500 que
1270 1459 1451 1490 Monialles
1486 1459 1634 1499 predicte
1660 1463 1788 1499 reperte
1813 1459 1936 1492 fuerint
1963 1459 2088 1492 fecisse

263 1539 365 1570 super
392 1530 490 1560 bonis
517 1530 631 1560 sancte
658 1526 832 1558 Mustiolle
859 1525 1005 1562 liabitis3
1032 1526 1062 1555 et
1088 1523 1242 1555 similiter
1268 1521 1383 1554 Patres
1409 1522 1516 1553 sancti
1543 1521 1723 1562 Augustini
1759 1523 1891 1562 possint
1923 1523 2086 1563 consequi

262 1593 492 1633 supradictam
531 1590 708 1622 ecclesiam
746 1591 777 1620 et
818 1587 1058 1619 monasterium
1097 1588 1127 1617 et
1164 1585 1228 1616 alia
1255 1585 1343 1616 bona
1369 1587 1483 1616 sancte
1510 1584 1684 1615 Mustiolle
1710 1593 1784 1616 cum
1813 1585 1911 1616 dietis
1937 1585 2090 1617 meliora-

264 1656 407 1693 mentis;
434 1657 464 1685 et
491 1654 517 1685 si
545 1653 685 1693 predicti
714 1650 831 1682 Patres
857 1650 964 1681 sancti
1004 1648 1184 1690 Augustini
1222 1647 1337 1687 aliqua
1375 1646 1628 1678 melioramenta
1655 1647 1686 1677 in
1725 1647 1824 1677 bonis
1851 1656 1915 1687 que
1942 1647 2006 1687 ipsi
2039 1655 2090 1679 re-

263 1718 436 1759 cepissent
462 1725 521 1757 pro
549 1714 783 1747 satisfactione
809 1713 974 1744 dictarum
1001 1712 1160 1742 librarum
1188 1710 1342 1741 undecim
1384 1709 1534 1746 millium,
1576 1709 1639 1740 sibi
1666 1717 1684 1740 a
1710 1709 1921 1741 Monialibus
1947 1710 2091 1750 promis-

264 1789 388 1817 sarum,
414 1779 585 1815 fecissent,
612 1777 704 1817 quod
744 1777 816 1816 ipse
854 1774 1039 1806 Monialles
1076 1775 1251 1804 teneantur
1292 1771 1485 1803 huiusmodi
1526 1771 1777 1802 melioramenta
1804 1772 2008 1812 persolvere.
2034 1772 2096 1804 lni-

267 1851 370 1882 quum
397 1841 484 1872 enim
504 1842 601 1885 'esset
628 1841 661 1870 ut
688 1847 752 1870 una
778 1847 820 1869 ex
848 1837 1002 1878 partibus
1042 1845 1116 1867 cum
1155 1835 1293 1866 alterius
1331 1834 1530 1865 detrimento
1569 1834 1694 1865 lucrum
1734 1835 1928 1875 perciperet.
1955 1833 2096 1876 Semper

265 1906 375 1935 tamen
403 1901 622 1943 intelligendo
650 1909 714 1941 que
742 1901 773 1931 in
802 1899 949 1940 presenti
987 1898 1137 1938 capitulo
1175 1898 1397 1935 continentur,
1435 1897 1526 1937 quod
1564 1897 1641 1928 talis
1678 1897 1857 1928 concessio
1883 1898 1925 1928 sit
1950 1897 2039 1929 facta
2064 1899 2096 1929 et

267 1966 359 2006 quod
397 1964 561 2006 prefatum
600 1963 840 1994 monasterium
879 1962 985 1993 sancti
1025 1960 1204 2001 Augustini
1243 1968 1310 1990 non
1347 1961 1499 1990 teneatur
1525 1959 1588 1991 nisi
1619 1968 1678 2000 pro
1704 1960 1783 1990 dato
1809 1961 1840 1991 et
1865 1959 1952 1990 facto
1977 1968 2040 1990 suo
2066 1961 2097 1990 et

268 2029 434 2060 dictorum
463 2026 611 2058 Fratrum
639 2027 754 2057 sancte
782 2024 957 2056 Mustiolle
984 2026 1112 2055 tantum
1139 2024 1170 2054 et
1197 2031 1262 2053 non
1289 2022 1395 2060 aliter,
1426 2022 1517 2062 quod
1544 2023 1657 2053 datum
1684 2025 1715 2053 et
1741 2022 1864 2054 factum
1892 2022 2096 2063 intelligatur

266 2090 360 2130 quod
388 2090 451 2129 ipsi
480 2098 545 2120 non
572 2088 710 2119 fecerint
737 2088 884 2127 aliquem
911 2087 1130 2122 contractum,
1169 2084 1376 2122 distractum,
1403 2094 1462 2116 nec
1499 2085 1608 2125 quasi,
1646 2094 1720 2116 eum
1746 2085 1822 2116 aliis
1849 2085 2015 2125 personis,
2041 2092 2098 2115 co-

274 2153 375 2184 muni.
413 2152 568 2193 collegio,
594 2154 624 2182 et
651 2151 870 2182 universitate
896 2152 927 2180 et
953 2149 1093 2180 ulterius
1120 2148 1151 2178 in
1179 2147 1279 2178 solita
1316 2147 1432 2178 forma.
1460 2147 1608 2179 Ulterius
1644 2149 1874 2178 convenerunt
1904 2147 1996 2187 quod
2023 2155 2099 2187 pre-

269 2215 356 2246 dict-3
385 2214 566 2245 Mmialles
592 2215 778 2250 teneantur,
811 2214 841 2243 et
879 2213 922 2242 ita
960 2211 1168 2251 promittunt,
1206 2209 1337 2241 solvere
1374 2211 1405 2240 et
1442 2209 1638 2240 satisfacere
1665 2209 1844 2250 magnifico
1880 2209 2017 2240 domino
2054 2208 2097 2240 10.

271 2277 444 2318 Stephano
464 2277 504 2308 de
525 2276 682 2308 Fazardis
709 2284 873 2307 summam
902 2275 1058 2305 librarum
1085 2273 1264 2304 ducentum
1292 2273 1342 2303 vel
1369 2273 1466 2309 circa,
1492 2281 1596 2303 causa
1622 2274 1669 2303 tot
1688 2273 2015 2304 melioramentorum
2041 2281 2101 2312 per

273 2341 384 2380 ipsum
412 2339 577 2370 factorum
605 2340 635 2369 in
662 2338 764 2369 donn>
790 2341 819 2369 et
846 2337 983 2368 edifitiis
1009 2337 1153 2367 annexis
1181 2335 1312 2376 prefato
1353 2336 1557 2366 monasterio
1583 2338 1698 2366 sancte
1726 2335 1908 2373 Mustiolle‚
1935 2344 1999 2375 que
2025 2335 2098 2379 ipse

274 2401 438 2432 conduxit
464 2401 506 2431 ad
534 2401 646 2432 fictum
674 2409 691 2431 a
718 2400 808 2430 dicto
836 2399 1039 2429 monasterio
1066 2401 1181 2429 sancte
1220 2397 1393 2429 Mustiolle
1419 2400 1449 2429 et
1476 2407 1541 2438 que
1567 2398 1690 2429 domus
1716 2400 1746 2429 et
1773 2398 1922 2429 liedifitia
1948 2406 2102 2437 eompre-

276 2464 468 2494 lienduntur
494 2463 524 2493 in
552 2463 697 2502 presenti
724 2464 908 2493 contractu.
951 2460 1028 2492 ltem
1068 2461 1184 2500 pistori
1224 2460 1327 2491 libras
1363 2461 1541 2500 sexaginta
1580 2461 1610 2491 in
1648 2461 1862 2500 septuaginta
1901 2460 1951 2491 vel
1992 2461 2098 2496 circa,

274 2529 410 2566 propter
437 2525 688 2555 m21ioramzat1
716 2533 773 2564 p:r
799 2524 909 2563 ipsum
948 2523 1033 2554 facta
1062 2523 1092 2553 in
1120 2522 1219 2553 furno
1246 2525 1276 2553 et
1302 2522 1378 2553 aliis
1405 2522 1488 2553 locis
1514 2531 1579 2562 que
1621 2522 1693 2562 ipse
1734 2522 1897 2552 conduxit
1922 2522 1963 2553 ad
1990 2523 2101 2553 fictum

279 2590 312 2618 ut
338 2596 451 2627 supra,
478 2589 509 2618 et
537 2587 676 2618 ulterius
703 2587 790 2617 dicte
818 2588 931 2626 partes
958 2585 1075 2616 volunt
1113 2585 1203 2624 quod
1243 2584 1436 2615 huiusmodi
1479 2585 1734 2615 instrumentum
1762 2584 1882 2615 debeat
1909 2584 2046 2625 intelligi
2073 2587 2103 2616 et

278 2650 413 2681 extendi
441 2659 514 2680 cum
542 2650 666 2680 debitis
691 2649 853 2680 clausulis
879 2652 910 2679 et
935 2647 1209 2679 solemnitatibus
1235 2656 1300 2686 que
1326 2647 1540 2686 requiruntur
1565 2649 1595 2678 et
1621 2646 1828 2677 conveniunt
1854 2655 1913 2686 pro
1933 2647 2104 2678 validitate

281 2711 475 2742 huiusmodi
502 2715 704 2747 contractus,
733 2711 825 2741 iuxta
852 2710 1050 2741 sententiam
1093 2709 1293 2749 prudentum
1320 2710 1350 2739 et
1377 2709 1558 2748 peritorum
1585 2711 1614 2739 et
1641 2708 1731 2748 quod
1758 2708 1800 2738 ab
1833 2708 1991 2739 omnibus
2032 2717 2107 2748 par-

282 2773 373 2804 tibus
411 2773 531 2804 debeat
569 2773 752 2812 supplicari
792 2771 966 2803 Sanctitati
1004 2771 1130 2802 domini
1170 2771 1272 2801 nostri
1312 2769 1403 2810 Pape
1441 2779 1500 2810 pro
1537 2770 1759 2810 aprobatione
1797 2772 1827 2801 ct
1853 2770 2105 2802 confirmatione

284 2835 478 2866 huiusmodi
506 2838 710 2871 contractus,
748 2837 848 2873 atque
887 2834 929 2864 ita
967 2833 1034 2864 fieri
1073 2833 1195 2864 debeat
1232 2832 1439 2873 supplicatio
1476 2833 1566 2872 quod
1604 2832 1773 2863 contineat
1811 2835 1914 2864 totum
1953 2833 2104 2864 effectum

284 2898 489 2937 presentium
516 2896 740 2936 capitulorum
768 2899 798 2926 et
826 2896 1035 2926 instrumenti
1063 2904 1136 2926 cum
1162 2895 1325 2926 clausulis
1351 2895 1484 2932 debitis,
1511 2897 1541 2925 et
1568 2895 1611 2925 ita
1637 2894 1735 2926 ambe
1762 2898 1874 2935 partes
1901 2895 2050 2926 vicissim
2077 2897 2107 2926 et

285 2958 327 2989 ad
355 2959 496 2989 invicem
523 2958 767 2989 constituerunt
793 2966 857 2988 una
883 2957 982 2988 aliam
1009 2960 1039 2988 et
1064 2957 1168 2988 altera
1187 2956 1323 2988 alteram
1351 2959 1586 2996 procuratores
1611 2956 1653 2987 ad
1680 2956 1941 2996 supplicandum
1968 2958 1999 2987 et
2024 2956 2109 2987 obti-

288 3020 433 3051 nendum
473 3019 666 3050 huiusmodi
705 3020 864 3059 gratiam,
902 3019 1192 3059 dispensationem
1230 3027 1269 3049 ac
1310 3018 1566 3058 aprobationem
1601 3020 1631 3049 et
1664 3018 1951 3049 confirmatimiem
1993 3020 2024 3049 et
2063 3017 2111 3049 fa-
