2305 3407
1952 173 2016 204 299

995 356 1231 396 CMXCI.

288 469 316 498 Ι1
348 469 501 497 Comune
525 468 557 497 di
589 468 694 496 Pavia
725 467 842 496 chiede
874 468 936 496 che
967 467 1052 495 frate
1077 466 1266 495 Tommaso
1298 467 1468 495 pirovano
1501 467 1543 495 da
1574 466 1700 495 Milano
1726 467 1777 495 sia
1801 468 2010 495 confermato

201 531 316 560 Priore
342 531 376 560 di
403 532 435 562 S.
462 531 583 559 Paolo.

858 661 1008 691 1363,
1041 661 1241 692 aprile,
1262 660 1352 685 30.

640 785 717 808 (Arcti.
734 785 770 806 del
787 785 871 805 Museo
887 784 967 806 civico
981 785 1002 805 di
1019 786 1076 805 stoi:
1094 786 1153 810 patr.
1170 785 1191 804 di
1210 784 1287 810 Pavia.
1305 795 1327 797 —
1346 784 1420 804 paceo
1437 783 1569 809 Religion),

255 952 401 1068 M
433 970 541 997 *OLTO
568 965 754 999 Reverendi
782 964 879 996 Padri
907 965 1010 996 nostri
1037 965 1078 996 da
1112 964 1230 996 fratelli
1257 964 1507 995 cordialissinii.

549 1026 734 1068 Sappendo
760 1028 814 1058 noi
840 1036 901 1059 con
929 1029 1053 1067 quanta
1079 1027 1342 1063 amorevolezza,
1368 1026 1545 1066 prudentia
1571 1028 1601 1056 et
1627 1025 1798 1057 destrezza
1825 1034 1860 1056 se
1879 1026 1918 1056 sii
1939 1034 2015 1065 por-

223 1127 234 1129 ⁷
292 1127 313 1128 ἶ
330 1078 434 1128 jum-³
460 1092 529 1122 tato
555 1090 574 1121 il
602 1089 786 1121 reverendo
812 1088 920 1120 Padre
947 1088 1029 1120 frate
1056 1088 1229 1120 Thomaso
1256 1089 1297 1120 de
1324 1088 1481 1120 Pirovani
1509 1087 1622 1119 Priore
1641 1088 1672 1119 di
1699 1087 1732 1120 S.
1752 1087 1856 1119 paolo
1883 1088 1954 1119 fora
1973 1088 2013 1119 de

191 1156 313 1195 questa
330 1152 430 1191 Cina,
448 1151 627 1184 essendosi
647 1160 722 1182 reso
748 1160 766 1182 a
792 1151 1020 1192 grandissima
1054 1150 1279 1182 sodisfatione
1297 1151 1330 1182 di
1356 1153 1476 1191 questa
1502 1149 1602 1188 Cina,
1622 1153 1653 1181 et
1672 1159 1729 1191 per
1756 1150 1783 1181 le
1803 1159 1862 1181 sue
1882 1150 2013 1181 virtude

194 1219 226 1248 et
250 1217 365 1248 ottime
390 1215 521 1251 astioni,
547 1223 613 1245 non
640 1214 784 1245 havemo
811 1216 928 1254 potuto
955 1214 1133 1244 inanchare
1159 1213 1192 1244 di
1219 1214 1382 1254 preghare
1409 1213 1446 1244 V.
1466 1212 1500 1245 R.
1529 1211 1563 1243 Ρ.
1590 1213 1715 1243 restino
1741 1213 1863 1243 servite
1890 1212 1921 1243 di
1949 1221 2014 1243 non

190 1279 362 1311 ainoverlo
380 1278 434 1309 dal
454 1278 545 1309 detto
564 1277 723 1317 priorato,
748 1277 809 1307 che
835 1276 918 1306 oltra
946 1276 1108 1307 resultera
1134 1285 1152 1307 a
1170 1276 1397 1316 grandissima
1423 1274 1647 1306 sodistatione
1673 1274 1760 1305 della
1780 1274 1909 1314 prefata
1927 1274 2016 1311 citta,

192 1342 247 1373 noi
274 1342 305 1372 in
335 1341 535 1381 particolare
561 1342 592 1371 et
617 1339 810 1370 universale
833 1338 877 1379 gli
903 1341 1087 1370 restaremo
1113 1338 1364 1379 obligatissimi,
1390 1338 1453 1369 alle
1479 1337 1578 1378 quale
1605 1337 1636 1368 di
1663 1346 1762 1368 cuore
1796 1345 1831 1368 se
1857 1336 2017 1367 offeiemo

191 1406 223 1436 et
248 1403 540 1435 raceomaudaino.
567 1401 600 1432 ln
627 1400 731 1432 Pavia
759 1401 897 1432 i’ultimo
923 1400 1028 1441 aprile
1058 1401 1150 1432 1553.
1178 1399 1226 1431 De
1246 1400 1282 1431 V.
1310 1400 1356 1431 M.
1384 1399 1418 1433 R.
1446 1399 1481 1431 Ρ.
1508 1399 1550 1430 da
1575 1399 1813 1430 cordialissinii
1848 1398 1967 1430 fratelli
1995 1399 2014 1429 li

192 1465 351 1506 Deputati
377 1465 406 1496 ai
435 1464 632 1505 Regimento
658 1463 745 1494 della
772 1463 949 1503 magnifica
976 1461 1064 1494 Citta
1091 1463 1123 1493 di
1151 1461 1273 1494 Pavia:
1301 1462 1368 1493 1011.
1396 1461 1471 1493 Ant.
1497 1461 1626 1492 Zerbus
1651 1461 1770 1498 abbas,
1798 1460 2014 1491 Hieronimus

194 1527 370 1560 Olevanus
395 1527 516 1558 abbas.

279 1589 317 1621 Α.
343 1589 382 1621 Τ.
408 1589 471 1620 Α111
498 1588 601 1619 molto
627 1588 801 1619 reverendi
829 1587 924 1627 padri
952 1587 1085 1619 Vicario
1111 1589 1142 1618 et
1168 1585 1334 1619 Generale
1361 1585 1572 1617 dell'Ordine
1601 1585 1814 1616 Hereniitano
1840 1585 1881 1616 de
1909 1583 2012 1616 Santo

188 1652 355 1694 Agostino
380 1654 411 1683 et
437 1650 618 1682 Diffinitori
645 1650 697 1681 del
724 1648 884 1690 Capitulo
910 1649 986 1680 dell’
1003 1649 1200 1680 incoronata
1226 1649 1257 1680 in
1284 1649 1414 1680 Milano
1441 1649 1545 1679 nostri
1572 1647 1885 1679 osservandissiini.

967 1849 1231 1891 CMXCII.

277 1963 304 1991 11
330 1961 484 1998 Capitolo
517 1961 549 1989 di
574 1962 606 1992 S.
633 1960 797 1996 Agostino
823 1961 938 1995 elegge
963 1960 1047 1987 frate
1081 1958 1246 1987 Giovanni
1278 1957 1439 1986 Barbanti
1471 1967 1530 1994 per
1555 1957 1762 1985 rivendicare
1795 1956 1905 1985 alcuni
1935 1956 2011 1985 beni

191 2023 224 2052 di
248 2033 310 2052 sua
334 2023 492 2059 famiglia.

817 2144 980 2174 1563,
1010 2143 1274 2174 111aggi09
1307 2141 1381 2166 19.

709 2259 780 2281 (tii-cu.
799 2259 878 2279 Notur.
896 2259 916 2278 (11
935 2258 1004 2278 ania
1021 2269 1041 2271 ν
1063 2258 1109 2277 Atti
1126 2257 1147 2277 ui
1164 2257 1221 2277 Gian
1239 2256 1352 2282 Agostinn
1369 2256 1483 2281 Pregulia)

257 2428 379 2544 N
438 2446 481 2471 ΕΙ.
516 2441 673 2471 convento
705 2439 739 2470 a'i
763 2438 795 2470 S.
831 2438 1002 2477 Agostino‚
1028 2436 1173 2468 adunato
1206 2436 1229 2467 il
1252 2434 1406 2475 capitolo,
1433 2435 1473 2465 de
1507 2434 1664 2465 mandato
1691 2433 1863 2465 reverendi
1898 2432 2009 2464 fratris

461 2503 609 2544 magistri
636 2501 768 2533 Andree
794 2501 834 2532 de
861 2500 978 2531 Monte
1011 2498 1176 2531 Causario
1203 2497 1339 2534 Prioris,
1365 2497 1397 2528 ιή
1422 2497 1476 2528 cui
1498 2505 1596 2528 erano
1623 2496 1726 2527 unche
1753 2496 1912 2536 magister
1941 2494 2010 2526 Do-

216 2602 250 2603 ?
460 2565 626 2596 minichus
651 2564 822 2600 firmanus,
841 2562 939 2593 frater
965 2561 1175 2602 Augustinus
1201 2560 1241 2591 (16
1268 2558 1401 2592 Cesem
1428 2559 1648 2595 baccalaiius,
1668 2558 1766 2589 frater
1791 2557 1950 2598 Orpheus
1969 2558 2008 2588 (16

190 2628 296 2669 Papia
321 2628 489 2668 subprior,
515 2627 615 2658 frater
640 2625 808 2657 Antonius
833 2625 873 2655 de
900 2623 1016 2664 Papia,
1043 2623 1142 2654 frater
1167 2622 1330 2653 Nicolaus
1348 2622 1388 2652 de
1420 2620 1524 2661 Papia
1552 2621 1663 2657 lector,
1683 2620 1782 2651 frater
1808 2619 1950 2660 Egidius
1967 2619 2008 2650 de

188 2689 334 2723 Civitate
359 2689 469 2727 Nova,
494 2689 593 2720 frater
619 2688 661 2719 10.
689 2687 840 2727 Baptista
868 2686 1081 2727 pistoriensis
1108 2685 1219 2721 lector,
1245 2683 1346 2714 frater
1371 2682 1536 2714 Iohannes
1563 2683 1603 2713 de
1641 2681 1744 2722 Papia
1771 2682 1884 2718 lector,
1910 2681 2009 2712 frater

191 2752 374 2784 Baldassar
399 2751 636 2792 neapolitanus
655 2750 767 2782 lector,
794 2749 893 2780 frater
919 2747 1104 2788 Gregorius
1130 2747 1170 2778 de
1189 2746 1305 2777 Monte
1332 2745 1455 2786 Elparo
1481 2745 1594 2781 lector,
1613 2744 1712 2776 frater
1738 2743 1949 2784 Augustinus
1967 2744 2008 2774 de

192 2814 308 2855 Papia,
334 2814 433 2846 trater
466 2813 601 2846 Rochus
627 2813 667 2844 de
701 2811 817 2852 Papia,
843 2810 943 2842 frater
975 2809 1120 2841 Michael
1157 2808 1377 2840 bononiensis
1411 2816 1537 2845 cursor,
1563 2807 1664 2838 frater
1698 2806 1739 2837 10.
1767 2805 1935 2837 Antonius
1967 2805 2008 2835 (16

189 2875 375 2909 Castelatio
393 2884 521 2913 cursor,
539 2874 640 2906 frater
658 2874 760 2905 lulius
786 2872 892 2905 Cesar
911 2872 1120 2909 veronensis,
1138 2871 1238 2902 frater
1257 2870 1473 2901 Hieronimus
1499 2869 1670 2906 firmanus,
1689 2868 1788 2899 frater
1815 2867 2007 2898 Ludovicus

191 2938 422 2975 bononiensis,
448 2937 548 2969 frater
581 2936 684 2968 lulius
716 2936 909 2976 patavinus,
935 2934 1034 2966 frater
1060 2933 1104 2965 10.
1130 2933 1283 2973 Baptista
1316 2932 1356 2963 de
1383 2930 1488 2971 Papia
1515 2931 1666 2967 sacrista,
1689 2929 1747 2970 ρίιὶ
1778 2929 1813 2960 di
1836 2929 1898 2960 clue
1930 2929 2010 2959 terli

188 3000 244 3032 del
266 3000 419 3041 capitolo,
447 3000 492 3031 uti
519 2999 684 3031 donatarii
712 3007 798 3029 nune
825 2997 996 3038 quondam
1023 2996 1149 3027 nobilis
1174 2995 1309 3026 domine
1336 2993 1476 3025 Isabelle
1496 2993 1536 3024 de
1563 2994 1680 3024 sancto
1699 2990 1864 3031 Gregorio
1890 2990 2009 3021 uxoris
