2305 3407
1995 168 2058 201 205

243 291 349 322 teritis
373 291 428 323 die
453 293 485 323 et
511 300 624 324 mense
651 293 682 324 in
708 301 748 324 eo
774 294 943 326 contentis
969 302 1028 335 per
1053 303 1115 327 nos
1141 297 1292 328 notarios
1333 296 1592 338 infrascriptos:
1634 297 1789 340 Cumque
1815 300 1858 332 ab
1884 301 1958 341 ipsa
1985 310 2061 334 sen-

243 354 345 385 tentia
372 363 430 394 per
454 356 594 395 agentes
632 355 765 387 nomine
802 355 1007 396 prefatorum
1034 357 1246 389 dominorum
1274 357 1399 389 prioris
1425 361 1456 390 et
1483 359 1632 391 Fratrum
1661 360 1903 393 Heremitarum
1943 364 2061 404 appel-

245 414 345 447 latum
372 416 469 447 fuerit
494 418 526 448 et
550 417 591 448 de
619 417 769 449 nullitate
796 417 919 450 dictum
947 420 977 450 et
1003 427 1061 451 seu
1088 420 1187 451 etiam
1214 421 1317 460 petita
1345 421 1495 453 reductio
1523 424 1556 453 ut
1581 425 1714 455 constat
1753 425 1974 456 instrumento
2012 436 2063 457 ro-

245 479 322 517 gato
346 478 435 510 dicto
460 487 549 510 anno
575 481 605 511 et
632 480 813 511 indictione
854 481 1009 521 proxime
1050 483 1219 522 preteritis
1245 491 1303 523 per
1328 480 1375 522 (ίη
1402 482 1535 523 bianco)
1577 485 1742 516 notarium
1787 487 2004 527 papiensem:
2032 492 2061 519 ct

243 540 440 579 praemissis
466 541 513 572 sic
539 542 708 573 stantibus
750 542 943 574 viderentur
983 545 1120 583 apertae
1147 544 1221 576 lites
1246 546 1277 576 et
1303 545 1494 577 discordiae
1535 548 1749 588 maioresque
1779 549 1877 579 etiam
1917 550 1947 580 in
1990 550 2063 581 dies

245 602 437 633 imminere:
464 603 548 635 Hinc
573 605 624 635 est
650 604 741 644 quod
768 605 921 637 volentes
962 608 1074 646 partes
1099 606 1195 646 ipsae
1220 606 1263 638 ab
1291 607 1342 638 his
1367 608 1646 640 dissensionibus
1672 612 1702 641 et
1728 610 1926 642 differentiis
1959 620 1997 642 ac
2026 612 2062 642 li-

243 664 333 696 tibus
359 665 534 696 discedere
575 675 701 706 easque
728 669 759 698 et
785 676 996 708 quecumque
1038 668 1198 700 scandala
1224 671 1255 700 et
1280 678 1395 701 eorum
1433 671 1647 702 occasionem
1689 672 1805 704 tollere
1831 675 1862 704 et
1887 675 2062 713 amputare

245 727 469 768 religioseque
494 730 525 759 et
550 729 731 760 christiane
765 730 948 769 procedere
974 732 1005 762 et
1031 729 1103 762 Deo
1140 732 1287 763 servire:
1315 731 1421 763 Modo
1454 735 1565 764 autem
1594 734 1625 765 in
1653 735 1844 774 praesentia
1872 738 2061 767 nostrorum

242 793 273 822 et
298 793 332 822 ut
357 800 470 831 supra,
496 792 693 823 convocatis
731 793 824 832 prius
860 792 1012 824 collectis
1039 796 1069 824 et
1095 795 1310 834 congregatis
1336 795 1539 827 venerandis
1579 797 1736 836 capitulis
1767 797 1971 837 prefatorum
2007 798 2065 829 do-

244 855 407 885 minorum
435 852 621 894 Praepositi
648 856 679 885 et
704 853 954 886 Canonicorum
982 864 1020 886 ac
1048 854 1173 886 Prioris
1199 858 1230 887 et
1257 855 1405 888 Fratrum
1426 857 1681 895 Heremitarum,
1701 859 1741 890 de
1762 860 1920 891 mandato
1946 862 1977 891 et
2004 861 2064 891 im-

245 917 413 957 positione
439 917 699 948 reverendorum
727 918 939 949 dominorum
967 917 1042 949 Don
1070 917 1249 958 Augustini
1277 919 1317 950 de
1344 918 1503 951 Beccaria
1531 921 1693 961 prepositi
1722 921 1840 961 prefati
1868 923 2060 953 monasterii

243 980 350 1011 sancti
378 978 464 1011 Petri
493 980 523 1010 in
550 979 621 1011 celo
646 989 749 1012 aureo
775 982 805 1012 et
833 981 982 1021 magistri
1025 980 1184 1012 Iohannis
1222 980 1375 1021 Baptiste
1402 982 1442 1013 de
1470 981 1579 1013 Firmo
1619 981 1745 1014 Prioris
1786 984 1904 1024 prefati
1944 984 2065 1015 Mona-

243 1042 332 1074 sterii
359 1043 464 1073 sancti
493 1041 685 1083 Augustini,
711 1051 797 1074 sono
822 1043 1055 1083 campanellae
1083 1043 1134 1074 hic
1153 1045 1184 1074 et
1203 1043 1247 1074 ibi
1267 1044 1435 1084 premisso
1454 1046 1488 1076 ut
1507 1046 1610 1077 moris
1629 1047 1754 1081 existit,
1783 1047 1813 1077 in
1841 1055 1908 1087 quo
1923 1047 2059 1087 quidem

246 1108 387 1145 utroque
413 1103 573 1145 Capitulo
600 1105 733 1136 fuerunt
759 1107 790 1137 et
816 1107 893 1136 sunt
920 1105 1060 1146 praefati
1087 1105 1213 1136 domini
1252 1104 1327 1136 Don
1362 1104 1576 1147 Augustinus
1602 1106 1824 1148 Praepositus
1850 1110 1880 1140 et
1906 1109 2065 1149 magister

243 1167 409 1199 Iohannes
435 1167 588 1207 Baptista
616 1166 709 1198 Prior
734 1169 765 1198 et
791 1177 865 1198 cum
891 1168 940 1199 eis
966 1170 997 1199 et
1022 1168 1112 1208 apud
1140 1176 1199 1199 eos
1227 1167 1431 1209 infrascripti
1470 1170 1645 1201 reverendi
1689 1170 1813 1201 domini
1842 1169 2006 1203 Canonici
2034 1175 2065 1202 et

246 1230 376 1261 Fratres
418 1230 572 1261 videlicet
610 1229 683 1261 Don
726 1229 877 1271 Angelus
918 1229 1054 1262 Gabriel
1082 1230 1122 1261 de
1149 1229 1255 1270 Papia
1296 1230 1460 1267 Vicarius,
1496 1230 1570 1262 Don
1610 1231 1736 1263 Paulus
1762 1233 1803 1264 de
1831 1232 1948 1273 Papia,
1986 1232 2061 1264 Don

246 1292 401 1324 Ubaldus
427 1293 467 1323 de
494 1291 610 1332 Papia,
637 1291 711 1323 Don
739 1292 906 1324 lohannes
933 1292 1144 1333 Augustinus
1170 1293 1210 1324 de
1238 1292 1353 1333 Papia,
1381 1292 1456 1325 Don
1491 1293 1676 1326 Severinus
1702 1296 1743 1326 de
1769 1294 1948 1334 Cremona,
1987 1295 2061 1327 Don

244 1355 443 1386 Laurentius
469 1354 510 1386 de
535 1354 694 1392 Novaria,
732 1354 806 1385 Don
846 1354 1031 1386 Fredianus
1057 1355 1097 1386 de
1125 1353 1240 1395 Papia,
1278 1354 1353 1386 Don
1391 1355 1592 1388 Thimoteus
1629 1357 1670 1388 de
1709 1357 1825 1398 Papia,
1865 1357 1939 1389 Don
1968 1358 2064 1389 inno-

243 1418 374 1449 centius
399 1417 440 1448 dc
467 1416 583 1457 Papia,
610 1416 684 1448 Don
711 1416 862 1458 Angelus
888 1417 928 1448 de
955 1416 1072 1457 Papia,
1099 1416 1138 1448 D.
1165 1417 1365 1449 Timotheus
1392 1418 1432 1450 de
1459 1418 1621 1457 Vicentia,
1648 1418 1722 1450 Don
1758 1420 1851 1451 Felix
1879 1421 1919 1451 de
1946 1420 2063 1461 Papia,

244 1479 319 1511 Don
345 1478 468 1512 Celsus
495 1480 535 1511 de
562 1479 760 1510 Mediolano
786 1481 817 1511 et
843 1478 918 1510 Don
946 1479 1138 1511 Bonifatius
1162 1480 1202 1511 de
1229 1478 1408 1518 Cremona,
1446 1490 1565 1512 omnes
1602 1480 1765 1513 Canonici
1794 1483 1964 1523 regulares
1991 1492 2067 1523 pro-

241 1541 322 1573 fessi
349 1542 380 1572 in
406 1541 496 1572 dicto
522 1541 726 1573 monasterio
751 1542 859 1572 sancti
899 1540 985 1572 Petri
1023 1542 1054 1573 in
1080 1541 1154 1573 celo
1191 1551 1293 1573 aureo
1331 1542 1540 1574 residentes:
1579 1542 1744 1584 Magister
1778 1543 1897 1575 Petrus
1934 1545 1974 1576 de
2001 1543 2067 1577 Ca-

241 1603 349 1641 nellis,
376 1603 475 1635 frater
501 1603 704 1635 Fortunatus
731 1603 771 1635 de
797 1601 929 1635 Cerano
957 1603 1209 1641 baccalaureus,
1245 1604 1347 1636 frater
1388 1604 1542 1636 Valerius
1568 1605 1608 1636 de
1636 1605 1797 1647 Anglario
1824 1606 1937 1644 lector,
1963 1607 2064 1638 frater

240 1666 436 1706 Hippoiitus
461 1666 502 1697 de
530 1665 768 1697 Penabilorum
810 1667 968 1707 magister
1008 1666 1122 1704 studii,
1162 1666 1264 1698 frater
1304 1666 1561 1699 Bertholorneus
1588 1668 1762 1708 Hispanus
1799 1678 1925 1706 cursor,
1958 1669 2058 1701 frater

240 1728 385 1759 Michael
423 1728 463 1759 de
502 1727 617 1759 Padua
643 1736 770 1765 cursor,
806 1727 907 1759 frater
932 1727 1124 1760 Alexander
1161 1728 1201 1759 de
1240 1728 1341 1760 lanua
1374 1738 1502 1767 cursor,
1536 1729 1636 1761 frater
1665 1729 1826 1762 Nicolaus
1864 1731 1904 1763 de
1943 1730 2059 1771 Papia,

238 1791 338 1823 frater
379 1791 577 1822 Laurentius
603 1791 644 1822 de
677 1789 793 1831 Papia,
833 1790 933 1822 frater
966 1790 1108 1822 Iacobus
1133 1791 1174 1822 de
1201 1790 1315 1832 Papia,
1342 1791 1442 1823 frater
1467 1791 1623 1833 philipus
1650 1793 1689 1824 de
1716 1793 1923 1831 Mediolano,
1961 1793 2061 1825 frater

240 1853 392 1887 Rubinus
419 1854 459 1885 de
485 1852 739 1891 MoutefortinO,
757 1852 857 1884 frater
875 1852 1031 1884 Aurelius
1048 1853 1089 1884 de
1107 1851 1292 1885 Corinaldo
1319 1855 1350 1885 et
1375 1853 1475 1885 frater
1493 1852 1671 1886 Cornelius
1685 1855 1726 1886 de
1744 1854 1926 1892 Placentia,
1941 1865 2059 1887 omnes

238 1916 356 1947 fratres
382 1915 527 1956 professi
565 1915 645 1946 dicti
683 1913 822 1947 Ordinis
848 1915 1138 1946 Heremitanorum
1181 1916 1212 1946 in
1254 1915 1344 1947 dicto
1371 1917 1576 1947 monasterio
1617 1917 1723 1948 sancti
1762 1916 1941 1958 Augustini
1981 1919 2061 1949 resi-

238 1979 366 2010 dentes.
406 1977 445 2008 Hi
477 1986 595 2009 omnes
633 1977 810 2017 utrobique
848 1978 1076 2018 capitulariter
1111 1979 1304 2019 congregati
1344 1980 1377 2009 ut
1414 1987 1516 2018 supra
1554 1988 1613 2019 pro
1650 1979 1875 2020 infrascriptis
1913 1981 2058 2020 negotiis

238 2041 452 2081 peragendis,
481 2040 641 2071 facientes
678 2042 708 2070 et
745 2042 1014 2079 representantes
1055 2040 1212 2071 maiorem
1251 2042 1282 2071 et
1319 2041 1485 2071 saniorem
1520 2043 1648 2081 partem
1685 2044 1716 2072 et
1754 2042 1934 2082 plusquam
1971 2043 2057 2074 duas

238 2106 350 2143 partes
389 2111 431 2133 ex
472 2102 578 2132 tribus
619 2102 721 2132 totius
762 2102 936 2141 utriusque
977 2102 1115 2142 capituli
1152 2102 1231 2133 dicti
1271 2103 1439 2142 uniusque
1477 2103 1669 2134 monasterii
1708 2106 1805 2144 prout
1842 2104 1889 2135 sic
1927 2104 2055 2142 dicunt,

236 2165 437 2196 confitentur
473 2166 503 2195 et
545 2165 774 2204 protestantur
813 2165 874 2194 etc.
916 2166 1038 2203 sponte
1064 2166 1095 2195 et
1120 2164 1305 2195 deliberate
1332 2166 1394 2195 etc.
1421 2173 1459 2195 ac
1486 2174 1544 2205 pro
1571 2173 1647 2196 sese
1672 2174 1710 2196 ac
1738 2175 1851 2196 eorum
1879 2175 2057 2197 successo-

236 2227 329 2258 ribus
355 2228 386 2257 in
414 2227 498 2267 ipsis
539 2226 753 2257 monasteriis
794 2226 946 2257 vicissim
973 2228 1004 2256 et
1029 2226 1072 2256 ad
1100 2226 1242 2257 invicem
1285 2227 1410 2257 mutuis
1436 2228 1466 2258 et
1500 2227 1736 2266 solempnibus
1776 2228 2055 2267 stipulationibus

236 2290 311 2320 hinc
338 2289 414 2320 inde
442 2288 995 2328 intervenientibus,pervenerunt
1021 2290 1051 2319 et
1077 2288 1284 2319 devenerunt
1310 2297 1347 2319 ac
1373 2289 1572 2329 perveniunt
1605 2291 1635 2320 et
1661 2289 1901 2321 deveniuntad
1922 2291 1982 2322 has
2010 2291 2057 2322 in-

235 2351 431 2391 frascriptas
457 2351 703 2382 transactiones
729 2350 974 2381 conventiones
1000 2352 1031 2381 et
1057 2350 1307 2381 moderationes
1334 2352 1496 2390 perpetuo
1516 2351 1653 2382 firmiter
1678 2354 1708 2382 et
1736 2352 1975 2384 inviolabiliter
1994 2354 2055 2383 ob-

235 2413 433 2451 servandas,
460 2413 565 2444 salvis
592 2421 726 2452 semper
751 2415 781 2443 et
807 2412 989 2443 reservatis
1016 2413 1046 2443 in
1073 2412 1203 2449 ceteris,
1230 2412 1360 2443 iuribus
1375 2413 1549 2452 utriusque
1566 2413 1671 2453 partis
1698 2414 1728 2444 in
1756 2414 1914 2445 omnibus
1940 2417 1970 2445 et
1997 2424 2055 2455 per

235 2476 347 2506 omnia
373 2484 410 2506 ac
437 2475 478 2506 de
506 2475 607 2506 verbo
633 2475 674 2506 ad
702 2475 841 2506 verbum
868 2476 965 2514 prout
993 2473 1076 2505 infra
1104 2474 1134 2504 in
1161 2474 1279 2505 cedula
1305 2475 1496 2515 subscripta
1525 2484 1581 2515 per
1609 2475 1758 2515 prefatos
1792 2476 1949 2508 dominos
1976 2477 2055 2508 Pre-

235 2538 381 2578 positum
408 2538 439 2568 et
465 2536 612 2568 Priorem
631 2537 830 2573 continetur,
856 2537 952 2568 cuius
977 2539 1071 2567 tenor
1096 2536 1172 2567 talis
1197 2538 1258 2571 est,
1285 2536 1457 2568 videlicet:
1485 2536 1640 2569 Subortis
1667 2538 1837 2569 nonnullis
1856 2539 2053 2571 differentiis

234 2601 334 2639 atque
360 2598 513 2630 dissidiis
541 2599 623 2630 inter
649 2598 859 2630 venerabiles
885 2597 1082 2630 Canonicos
1108 2599 1212 2629 sancti
1240 2598 1326 2629 Petri
1355 2599 1384 2629 in
1411 2599 1483 2630 celo
1509 2608 1611 2631 aureo
1626 2602 1656 2631 et
1675 2599 1791 2631 Patres
1818 2600 2052 2633 Heremitanos

234 2661 340 2692 sancti
369 2660 560 2701 Augustini,
586 2661 626 2692 de
653 2660 778 2700 quibus
805 2661 887 2691 inter
913 2659 1032 2691 ambas
1058 2662 1169 2700 partes
1196 2660 1255 2691 fuit
1282 2660 1369 2692 facta
1395 2662 1656 2701 compromissio
1685 2663 1715 2693 in
1745 2662 1975 2695 Reverendum
1993 2664 2053 2695 do-

234 2723 358 2754 minum
398 2722 562 2754 Aloisium
600 2721 798 2763 Grampum,
836 2732 894 2762 per
919 2731 1018 2762 quem
1060 2722 1120 2753 fuit
1154 2723 1391 2754 sententiatum
1427 2726 1525 2763 prout
1553 2724 1583 2754 in
1611 2725 1788 2761 sententia,
1814 2728 1845 2756 et
1871 2734 1929 2765 per
1955 2727 2051 2766 ipsos

233 2787 345 2825 patres
372 2785 607 2817 Heremitanos
632 2784 838 2825 appellatum
865 2786 896 2816 et
921 2785 962 2816 de
989 2784 1138 2815 nullitate
1165 2784 1308 2816 dictum:
1335 2784 1495 2817 Volentes
1522 2786 1621 2826 igitur
1646 2787 1743 2818 ambe
1763 2789 1875 2827 partes
1894 2788 2050 2828 religiose

232 2848 263 2878 et
288 2847 469 2879 christiane
496 2847 688 2888 procedere,
716 2856 845 2879 necnon
872 2856 889 2878 a
917 2846 1032 2878 litibus
1058 2849 1089 2878 et
1115 2846 1250 2878 disidiis
1275 2847 1413 2878 omnino
1439 2848 1619 2885 abstinere,
1646 2849 1824 2889 ipsamque
1851 2851 2048 2880 sententiam

231 2908 452 2941 amicabiliter
478 2909 654 2947 moderari,
679 2909 722 2940 ad
749 2909 981 2949 infrascriptas
1006 2908 1250 2940 conventiones
1277 2909 1494 2945 devenerunt,
1521 2910 1626 2941 salvis
1653 2912 1760 2941 tamen
1788 2919 1920 2951 semper
1945 2914 1975 2942 et
2002 2920 2050 2942 re-

232 2971 376 3003 servatis
403 2972 433 3002 in
459 2972 578 3003 ceteris
605 2972 734 3003 iuribus
761 2971 936 3012 utriusque
962 2971 1076 3012 partis.

320 3031 353 3064 ln
380 3033 497 3073 primis
524 3033 616 3074 quod
642 3032 785 3064 offitium
827 3033 979 3064 divinum
1020 3035 1085 3064 tam
1127 3033 1284 3063 diurnum
1325 3042 1426 3073 quam
1453 3036 1655 3066 nocturnum
1683 3035 1747 3075 pie,
1775 3044 1907 3066 morose
1933 3044 1972 3066 ac
1999 3036 2048 3066 di-
