2305 3407
274 178 335 210 148

267 321 365 353 geros
391 312 582 343 conductus
608 311 670 343 tuit
697 313 726 343 in
755 312 961 343 monasterio
999 313 1113 342 sancte
1152 311 1335 349 Mustiole3
1373 310 1458 343 Cum
1498 312 1541 343 sit
1578 321 1715 352 quoque
1752 314 1842 354 quod
1884 314 1996 346 dictus
2022 314 2086 346 bos

267 374 390 406 exinde
416 383 474 415 per
499 374 608 405 d1ctos
645 375 831 415 armigeros
869 374 1028 405 venditus
1055 376 1086 404 et
1112 382 1170 405 seu
1208 373 1303 405 aliter
1340 377 1564 414 consumptus
1589 374 1688 406 fuerit
1724 375 1766 406 ed
1796 383 1939 416 apporve
1959 377 2019 417 poi
2042 385 2084 408 tm

267 438 352 467 cerlo
378 436 546 468 Dzirrzicmo
567 436 716 476 padrone
741 436 828 468 dello
854 436 970 472 bestia,
997 435 1054 466 che
1075 436 1274 476 pretendevo
1300 436 1335 467 di
1358 445 1465 468 essere
1489 436 1722 468 itidemst-*zato
1760 446 1818 477 per
1852 437 2082 471 Reverendum

269 499 440 529 dominum
467 498 598 530 fratrem
627 498 806 529 Iohannem
833 498 874 529 de
900 496 1126 538 Carinagnola
1165 496 1312 529 Priorem
1351 498 1428 529 dicti
1467 501 1667 536 conventus,
1693 499 1870 531 asserendo
1895 500 1953 531 che
1977 501 2001 532 il
2024 501 2086 532 bue

268 561 420 592 debuerit
445 569 521 592 esse
547 564 771 601 consumptus
797 569 855 601 per
880 559 1043 600 prefatum
1070 560 1242 591 dominum
1269 559 1417 592 Priorem
1444 563 1474 592 et
1500 569 1559 592 seu
1586 561 1709 592 dictum
1737 563 1987 600 monasterium,
2013 572 2029 594 e
2054 563 2085 594 lo

268 623 397 654 clzicrmo
423 624 454 654 1'11
477 623 627 663 gi11ci1‘21‘0
653 632 765 654 corain
793 623 972 663 magnifico
998 623 1137 653 domino
1163 621 1397 655 Gubernatore
1424 622 1528 664 Papie
1547 624 1703 664 hispano.
1722 623 1749 655 ll
1765 623 1877 655 Priore
1894 633 1968 655 cum
1987 624 2085 656 fuerit

269 685 368 717 valde
395 686 552 723 minatus,
578 686 622 716 ob
650 685 755 717 falsas
780 686 996 717 asserciones
1033 685 1111 716 dicti
1151 684 1306 716 Darniani
1332 694 1350 716 a
1377 685 1508 726 pretato
1545 686 1683 717 domino
1724 684 1969 724 Gubernatorey
1996 687 2085 727 qui...

268 748 376 780 eidem
405 749 551 780 minatus
577 748 637 779 fuit
663 756 814 779 carceres
841 748 871 778 in
898 747 1003 779 fondo
1030 748 1162 779 turris...
1184 756 1246 788 per
1267 747 1411 779 solvorsi
1441 749 1629 780 acconsenti
1653 749 1688 780 cii
1707 757 1835 789 pagare
1860 748 1895 780 al
1917 749 2086 780 Domiorm

268 811 363 842 sends
386 812 440 842 tre.
468 810 550 842 Pero*
576 819 633 841 oro
655 812 802 851 protesto
828 810 886 841 che
910 810 1041 841 Intende
1066 810 1100 841 cii
1123 811 1247 842 flavere
1272 810 1315 841 dcl
1341 809 1428 841 detto
1454 810 1622 842 Damiano
1648 812 1659 842 ι’
1683 813 1727 842 tre
1751 811 1853 847 scudi,
1885 811 2003 852 perche
2024 820 2088 852 ρα-

266 874 340 913 gati
363 873 617 904 indebitamente
642 882 658 903 e
684 874 770 904 sotto
795 873 918 903 tt'more.
1822 861 1832 868 ⁶

1037 1082 1322 1123 DCCCXX.

359 1201 386 1228 11
413 1200 576 1237 Capitolo
602 1200 637 1228 di
663 1201 698 1229 S.
727 1200 897 1229 Mosttola
922 1201 1042 1236 elegge
1069 1201 1135 1229 due
1162 1201 1400 1229 Procuratori.

916 1331 1077 1363 1327,
1107 1338 1337 1364 111810209
1370 1333 1460 1357 23.

834 1430 911 1453 (Arcti.
928 1430 1009 1451 Notnr.
1026 1430 1047 1450 di
1065 1429 1135 1450 Pavia
1151 1441 1175 1443 —
1192 1430 1239 1450 Atti
1256 1430 1277 1450 di
1296 1430 1399 1451 Lorenzo
1416 1430 1522 1451 Ferrarii».

343 1624 465 1740 N
521 1642 563 1668 EL
590 1636 757 1669 Conventa)
783 1637 817 1668 dt·
841 1636 873 1669 S.
900 1637 1069 1674 Mostffllo,
1095 1637 1242 1668 adunato
1267 1637 1291 1669 il
1317 1637 1470 1678 CopItoIo
1508 1638 1548 1670 de
1586 1639 1746 1670 mandato
1787 1640 1913 1670 domini
1942 1640 2091 1680 magistri

543 1700 701 1731 Iohannis
727 1700 766 1731 de
793 1698 1018 1740 Cremagnola
1060 1699 1186 1731 prioris
1223 1700 1365 1740 predicti
1392 1704 1592 1739 conventus,
1619 1701 1649 1732 in
1677 1710 1744 1742 quo
1770 1702 1906 1742 quidem
1933 1700 2093 1742 Capitulo

333 1798 358 1799 ἶ
542 1762 708 1794 fuerunt...
749 1763 910 1803 magister
952 1762 1245 1803 Michaelangelus
1271 1763 1311 1794 de
1339 1762 1447 1801 Petra
1473 1763 1574 1794 frater
1609 1761 1755 1795 Carolus
1796 1763 1836 1795 de
1875 1762 2092 1804 Arigonibus,

271 1824 371 1856 fiater
397 1824 563 1856 Iohannes
589 1825 629 1856 de
656 1824 754 1856 Galia
780 1827 812 1856 et
837 1825 939 1857 frater
976 1824 1102 1856 Paulus
1128 1825 1169 1856 de
1196 1824 1312 1866 Papia,
1334 1825 1393 1866 ρι’[ι
1418 1826 1453 1857 di
1476 1825 1538 1857 ciue
1564 1826 1644 1857 terzi
1667 1825 1721 1857 del
1747 1824 1907 1866 Capit010‚
1945 1826 1976 1857 si
2006 1825 2094 1866 cleg-

267 1896 357 1927 frono
383 1896 402 1918 a
429 1887 638 1919 Procurator?
661 1888 685 1919 il
709 1887 822 1919 Priore
847 1896 863 1919 e
889 1888 912 1919 il
936 1888 1081 1919 Muestro
1100 1887 1190 1928 frate
1214 1888 1457 1928 Miclzelangclo
1482 1889 1522 1919 dc
1548 1888 1644 1919 Petra
1663 1886 1723 1927 (1).

1023 2088 1334 2129 DCCCXXI.

358 2207 386 2234 11
413 2206 595 2235 Convento
622 2207 656 2235 di
683 2208 718 2236 S.
747 2207 919 2243 Agostino
945 2207 1063 2236 riceve
1089 2207 1113 2235 il
1139 2211 1350 2244 pagamento
1376 2207 1409 2235 di
1434 2216 1478 2235 un
1497 2216 1648 2243 assegno
1667 2208 1711 2236 da
1729 2212 1828 2244 parte
1847 2207 1903 2236 del
1923 2207 2087 2236 Comune.

897 2330 1053 2362 1627,
1083 2331 1323 2363 111‘12gio
1336 2345 1349 2361 9
1370 2330 1460 2355 29.

839 2428 916 2450 (Aren.
934 2428 1013 2448 Notas*
1031 2428 1052 2448 di
1070 2427 1140 2448 Pavia
1156 2439 1180 2441 —
1196 2428 1244 2449 Atti
1260 2427 1282 2448 di
1298 2427 1400 2449 Antonio
1416 2427 1515 2448 Clerici*¹

340 2618 461 2735 N
518 2637 559 2663 EL
585 2634 727 2665 secondo
754 2634 895 2665 clziostro
921 2634 956 2665 di
980 2633 1012 2666 S.
1039 2634 1211 2674 Agostino.
1240 2634 1458 2667 Reverendus
1484 2635 1642 2666 dominus
1660 2633 1759 2665 frater
1776 2632 1913 2665 Gabriel
1929 2633 1970 2664 de
1986 2632 2089 2673 Papia

541 2695 635 2727 Prior
659 2699 689 2727 et
718 2697 877 2728 dominus
903 2697 1003 2729 frater
1030 2697 1162 2729 Luchas
1188 2698 1228 2729 de
1254 2696 1397 2729 Galletis
1423 2697 1463 2728 de
1491 2696 1710 2737 Romagnano
1735 2696 1888 2727 sindicus
1913 2698 1945 2727 et
1971 2704 2090 2735 procu-

540 2760 659 2789 rator...
686 2767 761 2789 cuin
788 2760 969 2799 presentia,
996 2759 1169 2791 voluntate
1195 2762 1227 2791 et
1252 2768 1457 2791 consensu...
1484 2758 1657 2790 reverendi
1696 2767 1791 2790 sacre
1828 2758 1997 2798 theologie
2024 2766 2091 2789 ma-

270 2819 364 2859 gistri
391 2819 518 2850 domini
546 2819 657 2851 fratris
685 2819 771 2852 Petri
799 2821 840 2852 de
866 2820 1083 2853 Castronovo
1109 2822 1226 2853 vicarii
1253 2822 1420 2862 provintie
1446 2821 1596 2853 eiusdem
1623 2819 1774 2858 Ordinis,
1799 2821 1949 2852 ricevono
1975 2820 2017 2851 da
2035 2819 2091 2851 Et-

327 2977 356 3000 (1)
372 2977 421 3001 Aeli
437 2978 449 2997 8
464 2977 536 3002 aprile
552 2982 594 2998 con
611 2979 661 2997 atto
677 2977 738 2997 detto
754 2979 832 2998 stesso
848 2978 927 2999 notaio
943 2979 956 2998 11
973 2978 1081 3004 Capitolo
1093 2978 1114 2999 di
1131 2978 1153 2999 S⁴
1211 2978 1273 2999 v‘tnti
1289 2979 1310 2999 al
1326 2978 1425 3004 podesm
1441 2978 1463 2998 di
1479 2977 1531 2999 Sale
1547 2983 1558 2998 e
1574 2977 1711 2999 riconterma
1727 2978 1748 2998 ia
1760 2983 1858 3004 procura
1874 2978 1894 2999 al
1912 2978 2016 2999 Maestro
2026 2977 2084 2999 frate

276 3021 396 3046 Mostiola,
412 3022 433 3042 in
449 3021 484 3042 cui
501 3022 627 3042 interviene
643 3022 715 3042 anche
731 3021 789 3042 frate
805 3022 919 3046 Agostino
935 3023 962 3043 da
987 3023 1097 3046 Locarno.
1113 3028 1153 3048 ap·
1209 3023 1386 3048 Michelangelo.
1402 3023 1444 3043 che
1459 3023 1477 3043 si
1494 3024 1560 3043 trova
1576 3023 1597 3043 in
1613 3022 1664 3043 Sale
1680 3028 1721 3048 per
1742 3023 1763 3043 la
1785 3022 1895 3043 csazione
1910 3022 1932 3043 di
1947 3022 2022 3044 alcuni
2037 3028 2085 3044 cre-

278 3071 350 3091 prova
366 3066 379 3086 1’
390 3068 488 3092 operato
503 3066 539 3086 dei
555 3066 606 3087 suoi
623 3066 667 3086 due
683 3067 828 3091 procuratori
845 3067 867 3087 in
884 3072 927 3087 una
943 3072 1014 3088 causa
1036 3067 1102 3088 civile
1118 3067 1156 3088 da·
1211 3067 1252 3088 diti
1268 3073 1280 3088 e
1296 3073 1336 3093 per
1351 3067 1406 3088 dare
1422 3067 1615 3088 un'investitura.
