2305 3407
290 187 334 219 84

1078 395 1339 436 DCCXLI.

376 515 404 543 11
431 514 594 552 Capitoio
631 514 665 543 di

291 568 401 597 briele
427 569 573 604 Sarego.

704 514 736 545 S,
764 513 934 542 Mostiola
971 518 1067 542 muta
1104 513 1151 549 gli
1189 513 1482 543 amministratori
1520 514 1614 543 della
1639 515 1833 544 donazione
1859 515 1894 544 di
1920 516 2008 544 frate
2034 515 2104 545 Ga-

886 662 1009 687 1513
1020 677 1033 694 ,
1062 664 1390 688 11ove1121)1·e
1403 678 1417 694 9
1445 662 1520 688 10.

802 751 879 772 Arclr.
896 751 975 772 Notar.
992 750 1014 771 di
1031 750 1101 772 l’avia
1117 762 1141 764 —
1158 751 1206 771 Atti
1222 751 1243 771 di
1260 750 1318 772 Gian
1334 750 1408 772 Maria
1424 751 1582 777 Valdemagna
1600 768 1604 772 .

395 945 443 1060 Ι
539 963 561 989 Ν
587 958 746 989 domibus
773 957 921 989 Fratrum
948 958 1089 989 ecclesie
1116 961 1231 990 sancte
1258 958 1430 990 Mustiole.
1449 957 1690 991 Convocato....
1710 958 1868 1000 Capitulo
1888 960 2035 992 Fratrum
2051 960 2114 992 Ec-

559 1020 661 1052 clesie
687 1023 803 1052 sancte
831 1020 991 1052 Mustiole
1027 1019 1167 1052 Ordinis
1205 1021 1446 1053 Heremitarnm
1489 1023 1595 1054 sancti
1623 1022 1814 1064 Augustini,
1840 1023 1881 1055 de
1908 1024 2111 1055 mandato...

560 1084 764 1115 venerabilis
790 1084 915 1114 domini
944 1084 1092 1124 magistri
1121 1084 1412 1125 Michaelisangeli
1440 1085 1480 1116 de
1507 1084 1602 1117 Petra
1623 1084 1748 1117 Prioris
1781 1086 1859 1117 dicti
1889 1087 2111 1117 conventus...

290 1148 320 1177 in
347 1157 414 1187 quo
442 1148 576 1187 quidem
603 1144 762 1186 Capitulo
790 1145 1054 1177 interfuerunt...
1082 1146 1233 1185 prefatus
1260 1147 1417 1178 dominus
1445 1147 1571 1178 Prior...
1598 1148 1724 1179 domini
1744 1148 1842 1179 trater
1860 1148 2046 1179 Nicliolaus
2072 1148 2112 1179 dc

289 1209 464 1240 Modnstm
503 1209 650 1240 vicarius
688 1207 898 1242 Conventus.
936 1208 1036 1239 frater
1074 1208 1240 1240 lohannes
1278 1209 1445 1241 Antonius
1472 1211 1511 1241 de
1538 1210 1723 1248 Quartinis,
1750 1210 1849 1241 frater
1875 1210 2047 1241 Amadeus
2073 1210 2113 1241 de

288 1270 419 1304 Caxate
437 1270 497 1310 (1),
525 1271 624 1303 trater
650 1271 863 1311 Augustinus
889 1272 930 1302 de
958 1271 1098 1303 Putlieo.
1126 1271 1226 1303 frater
1240 1271 1432 1312 Apolonius
1458 1273 1498 1304 de
1526 1271 1744 1313 Arigonibus‚
1763 1281 1881 1303 omnes
1899 1271 2019 1304 fratres
2038 1281 2115 1313 pro-

288 1334 369 1365 fessi
397 1337 668 1374 representantes
695 1337 798 1365 totum
825 1337 855 1365 et
883 1335 1045 1375 integrum
1084 1332 1325 1374 Capitulum...
1353 1334 1565 1366 Venerabilis
1598 1335 1756 1366 dominus
1783 1336 1941 1376 magister
1967 1334 2114 1366 Michael

291 1396 441 1437 Angelus
467 1397 508 1428 de
535 1396 630 1428 Petra
659 1395 796 1428 Prion...
823 1400 995 1437 tamquam
1033 1397 1231 1428 donatarius
1270 1398 1417 1428 omnium
1461 1397 1624 1428 bonorum
1651 1397 1824 1437 quondam
1851 1397 1976 1428 domini
2003 1396 2115 1429 fratris

291 1458 462 1491 Gabi-ielis
489 1459 529 1490 de
556 1458 761 1491 Saraticis....
778 1460 872 1500 prius
887 1461 1012 1490 attenta
1029 1460 1219 1491 remocione
1236 1460 1322 1491 facta
1337 1460 1378 1491 de
1394 1460 1531 1491 domino
1550 1460 1711 1500 magistro
1727 1458 1824 1491 Petro
1843 1460 1883 1491 de
1901 1458 2117 1492 Castronovo

292 1520 431 1553 Ordinis
457 1522 562 1553 saneti
591 1521 771 1562 Augusttni
799 1522 975 1553 donatario
1002 1522 1122 1553 elleeto
1149 1531 1208 1562 per
1223 1522 1407 1562 prefactum
1427 1520 1622 1562 Capitulum
1642 1523 1740 1554 simul
1756 1531 1830 1553 cum
1847 1523 1935 1554 dicto
1951 1522 2112 1563 magistro

294 1584 460 1616 Micliaele
487 1584 660 1625 Angelo....
689 1587 787 1624 prout
813 1585 853 1616 de
879 1585 952 1625 ipsa
973 1585 1163 1616 remocione
1178 1590 1318 1625 apparet
1334 1594 1392 1625 per
1406 1585 1533 1616 litteras
1549 1585 1698 1626 magistri
1715 1584 1857 1616 Mariani
1874 1583 2044 1616 Cavensis
2061 1581 2113 1623 (2)

293 1650 322 1678 et
349 1647 497 1687 magistri
525 1646 690 1678 Vincentii
717 1647 758 1678 de
786 1646 886 1678 lanua
913 1652 990 1678 tnnc
1016 1648 1179 1687 temporis
1213 1647 1335 1679 Vicarii
1366 1647 1532 1688 generalis
1562 1646 1740 1678 Provincie
1775 1647 1985 1684 Lombardie,
2019 1646 2116 1678 datas

293 1710 356 1741 sub
382 1710 435 1741 die
462 1709 575 1751 XVlllJ
602 1710 753 1741 octobris
779 1710 854 1741 anni
883 1711 1093 1750 presentis...
1122 1710 1160 1741 Et
1186 1713 1263 1750 post
1290 1711 1364 1747 noc,
1390 1710 1488 1741 etiam
1516 1712 1663 1741 remotus
1689 1709 1749 1741 tuit
1767 1709 1810 1741 ab
1828 1710 1902 1750 ipsa
1928 1709 2116 1740 donacione

293 1781 351 1812 per
378 1772 540 1812 prefatum
568 1770 762 1812 Capitulum
790 1773 950 1813 magister
976 1771 1096 1804 Petrus
1121 1773 1162 1804 de
1189 1771 1433 1804 Canetofrater
1447 1773 1526 1804 dicti
1543 1771 1692 1810 Ordinis,
1711 1775 1835 1804 attenta
1851 1773 1996 1803 maxime
2023 1772 2117 1803 inha-

293 1835 419 1865 bilitate
447 1835 554 1874 ipsius
581 1835 729 1874 magistri
758 1833 890 1866 Petri...
918 1834 1073 1866 Prefatus
1098 1835 1256 1867 dominus
1283 1834 1376 1866 Prior
1401 1838 1432 1867 et
1460 1835 1634 1867 Fratres...
1660 1836 1690 1866 in
1719 1836 1840 1872 locum,
1859 1836 1910 1866 ius
1935 1837 1967 1866 et
1992 1837 2113 1866 statum

293 1906 350 1937 per
376 1897 489 1928 onmia
515 1899 703 1937 posuerunt
729 1900 759 1928 et
785 1901 914 1937 ponunt
951 1898 1124 1928 dominum
1163 1897 1297 1929 tratrem
1337 1897 1516 1929 iohannem
1543 1897 1725 1929 Antonium
1753 1898 1794 1928 de
1819 1896 1994 1935 Quartinis
2032 1897 2111 1928 dicti

292 1958 431 1989 Ordinis
458 1968 518 1999 pro
545 1959 618 1990 loco
644 1962 674 1990 et
701 1960 854 1990 incontro
881 1959 1086 2000 prefatorum
1115 1961 1264 2001 magistri
1293 1959 1378 1991 Petri
1407 1960 1446 1991 cle
1473 1959 1688 1992 Castronovo
1715 1962 1745 1991 et
1772 1960 1920 2000 magistri
1960 1958 2045 1990 Petri
2073 1959 2114 1990 de

291 2020 421 2053 Caneto
448 2022 488 2052 de
516 2022 709 2053 huiusmodi
737 2022 970 2053 donacione...
997 2031 1071 2053 cum
1100 2023 1161 2054 noc
1187 2023 1279 2063 quod
1307 2023 1419 2054 dictus
1445 2023 1604 2054 dominus
1630 2022 1728 2054 trater
1755 2022 1922 2053 lohannes
1947 2021 2115 2053 Antonius

293 2086 444 2115 teneatur
469 2086 499 2114 et
525 2084 696 2123 obligatus
723 2084 764 2115 sit
790 2084 831 2115 ad
858 2093 976 2115 omnes
1002 2093 1174 2123 expensas
1200 2087 1265 2116 tam
1292 2085 1399 2116 factas
1425 2094 1524 2125 qmm
1552 2085 1682 2116 fiendas
1701 2094 1761 2125 pro
1779 2085 2024 2116 consecucione
2043 2093 2116 2125 pre-

292 2146 434 2176 fatorum
463 2147 627 2177 bonorum
655 2150 688 2178 ut
715 2155 817 2186 supra
843 2147 1044 2178 donatorum
1071 2150 1102 2178 et
1129 2148 1192 2178 hoc
1219 2148 1258 2178 de
1285 2148 1357 2179 suis
1383 2148 1530 2188 propriis
1555 2147 1703 2178 denariis
1728 2151 1758 2178 et
1785 2156 1849 2177 non
1881 2146 1999 2187 prefati
2025 2144 2116 2179 Con-

294 2211 425 2240 ventus.
453 2209 491 2240 Et
517 2210 710 2241 consecutis
738 2210 822 2249 ipsis
849 2209 958 2244 bonis,
996 2210 1088 2250 quod
1127 2209 1278 2250 prefatus
1315 2210 1473 2241 dominus
1515 2209 1614 2241 trater
1644 2209 1809 2241 lohannes
1836 2208 2013 2246 Antonius,
2039 2217 2113 2240 cum

292 2280 462 2302 consensu
491 2274 524 2302 ut
551 2280 665 2311 supra,
692 2274 762 2303 toto
788 2274 937 2312 tempore
964 2273 1030 2303 vite
1056 2281 1116 2303 sue
1144 2272 1264 2304 habeat
1291 2275 1321 2303 et
1348 2272 1804 2312 consequaturmedietatem
1824 2279 2115 2311 quorumcumque

293 2332 459 2364 fruetuum
485 2337 515 2365 et
543 2334 709 2365 redituum
737 2337 767 2365 et
794 2338 1018 2374 proventuum
1046 2335 1254 2366 exiturorum
1281 2344 1322 2366 ex
1350 2335 1448 2366 dictis
1475 2335 1575 2365 bonis
1601 2336 1634 2365 ut
1660 2343 1762 2374 supra
1789 2334 1924 2365 donatis
1942 2330 2002 2373 (3).

299 2494 376 2511 mento
392 2491 405 2510 il
421 2491 526 2511 Maestro
543 2491 601 2511 irate
618 2490 768 2511 Bzxrtolomeo
788 2491 816 2511 da
839 2491 987 2512 Castellazzo
1010 2498 1021 2512 e
1044 2491 1102 2512 frate
1125 2491 1175 2512 oio-

298 2536 364 2555 vanni
381 2535 409 2555 de
425 2535 497 2556 Gallis
513 2536 534 2555 di
552 2535 648 2559 Milano.
665 2535 764 2561 professi
781 2537 802 2557 in
818 2536 840 2557 S.
858 2536 971 2561 Agostino
987 2536 1008 2556 di
1029 2536 1107 2556 l‘avia.

352 2580 400 2605 Agli
420 2581 438 2600 ll
457 2580 478 2600 di
496 2581 620 2600 novembre
637 2580 657 2600 in
675 2586 718 2601 una
735 2581 838 2601 ricevuta
855 2581 876 2601 xli
888 2581 1007 2605 2otiurirn,
1024 2581 1140 2601 rilasciata
1155 2581 1176 2601 ai

298 2624 365 2645 Conti
383 2624 500 2647 Bcccaria,
516 2625 557 2644 che
573 2630 664 2650 pagano
681 2631 709 2645 un
725 2631 802 2646 animo
820 2626 910 2650 legato,
933 2625 946 2645 il
970 2625 1078 2651 Capitolo
1101 2625 1112 2646 e
1134 2624 1178 2645 tor-

299 2670 361 2689 mato
377 2669 436 2693 degli
453 2669 522 2689 stessi
540 2668 647 2693 Religiosi
664 2669 691 2689 cd
707 2670 780 2690 anche
800 2669 835 2690 dei
859 2670 910 2690 irati
934 2670 991 2690 Gian
1014 2669 1125 2690 Giacomo
1147 2670 1175 2690 da

299 2712 454 2738 Castellazm),
471 2713 566 2733 Alberto
582 2713 610 2733 da
627 2713 722 2734 Vercelli
739 2720 750 2734 e
767 2714 867 2734 Antonio
883 2714 911 2734 da
927 2714 1046 2735 Garlasco
1065 2713 1088 2734 1.'
1099 2715 1150 2735 atto
1165 2714 1177 2735 ὲ

293 2760 376 2782 rogato
391 2758 419 2777 da
436 2757 538 2778 Antonio
554 2757 644 2779 Clerici.

353 2802 383 2823 Lo
399 2804 478 2823 stesso
493 2801 602 2828 capitolo
617 2802 638 2822 ai
657 2803 680 2823 13
695 2803 819 2824 dicembrc.
836 2809 878 2824 con
894 2805 945 2824 atto
968 2805 1051 2829 rogato
1067 2803 1095 2824 da
1117 2802 1175 2824 Gian

299 2847 412 2872 Agostino
429 2846 547 2871 Morasco,
563 2847 643 2872 elegge
652 2847 665 2867 il
677 2847 782 2868 Maestro
791 2847 850 2868 frate
859 2847 1005 2873 Gregorioda
1015 2848 1111 2869 Vercelli
1122 2847 1175 2869 Pro-

298 2893 405 2912 curatore
422 2896 462 2916 per
479 2891 709 2912 l¹amministrazione
718 2891 754 2912 dei
765 2892 815 2912 beni
835 2892 856 2912 di
874 2891 1031 2913 Conlienzain
1043 2893 1176 2913 Lomellina.

1283 2491 1314 2515 (1)
1329 2491 1419 2516 Questo
1435 2491 1494 2512 irate
1510 2491 1613 2512 Amcdeo
1629 2490 1708 2512 Cas-ati
1725 2491 1746 2511 in
1763 2497 1792 2511 un
1808 2490 1949 2511 documento
1965 2490 2001 2510 del
2023 2490 2049 2511 28
2071 2495 2109 2510 no-

1232 2537 1326 2556 vembre
1341 2536 1362 2556 di
1380 2536 1535 2561 quest'anno,
1551 2538 1633 2561 rogato
1649 2536 1678 2556 da
1694 2535 1774 2556 Nicola
1790 2535 1911 2559 Codazza,
1928 2535 2008 2556 risulta
2031 2540 2109 2555 essere

1232 2583 1295 2601 stato
1312 2580 1466 2601 Procuratore
1482 2581 1503 2601 di
1520 2580 1542 2601 S.
1560 2580 1670 2601 Mostiola
1687 2586 1698 2601 e
1714 2580 1851 2604 clriamarsi,
1881 2580 1940 2600 dalla
1965 2585 2007 2600 sua
2025 2579 2108 2605 patria.

1233 2626 1305 2646 anche
1321 2625 1423 2646 Amedeo
1439 2625 1467 2646 da
1483 2625 1578 2646 Mouza.

1284 2670 1314 2694 (2)
1330 2669 1356 2690 Di
1373 2669 1431 2690 irate
1447 2670 1553 2690 Mariano
1569 2669 1597 2690 da
1614 2668 1675 2690 Cave
1692 2669 1755 2694 parta
1771 2669 1785 2689 il
1801 2668 2033 2693 Tonem‚V1l‚595,
2044 2670 2109 2689 sotto

1232 2714 1315 2735 l'anno
1334 2714 1390 2737 1508.
1408 2714 1429 2734 in
1445 2714 1480 2735 cui
1497 2714 1534 2735 dal
1550 2713 1662 2735 Generale
1677 2713 1736 2734 trate
1753 2713 1834 2739 Egidio
1849 2713 1878 2733 da
1894 2713 1990 2734 Viterbo
2006 2712 2028 2733 tu
2048 2719 2110 2734 man-

1231 2759 1286 2779 dato
1302 2764 1368 2779 come
1383 2759 1506 2779 visitatore
1521 2758 1541 2779 al
1559 2757 1681 2779 Convento
1697 2757 1718 2778 di
1736 2757 1846 2783 Bologna.

1283 2803 1313 2827 (3)
1330 2802 1372 2824 Per
1387 2802 1500 2823 l'eredita
1516 2788 1613 2823 ultrane
1628 2802 1735 2823 Gabriele
1751 2801 1838 2827 Sarego
1853 2801 1905 2822 vedi
1921 2802 1994 2823 anche
2009 2802 2023 2822 il
2039 2802 2109 2823 docu-

1231 2849 1309 2868 mento
1324 2847 1360 2868 del
1379 2848 1401 2868 14
1418 2847 1503 2873 giugno
1521 2847 1578 2868 1514.
