2305 3407
271 156 336 188 294

261 292 366 328 parte,
393 289 548 327 facimus,
574 289 813 330 constituimus
837 290 868 320 et
894 296 1048 320 creamus
1074 287 1209 327 sibique
1235 287 1428 318 cathedram
1455 285 1682 327 magistralem
1708 285 1915 318 ascendendi
1941 289 1972 317 et
1991 286 2022 316 in
2048 294 2087 317 ea

258 352 394 392 publice
415 350 1125 393 legendi,docendi‚disputandi‚glosandi
1153 352 1184 381 et
1211 349 1464 390 interpretandi,
1479 349 1677 389 questiones
1702 350 1732 380 et
1758 349 1862 380 dubia
1888 348 2085 380 terminandi

257 418 456 454 ceterosque
482 414 661 445 doctoreos
687 415 782 445 actus
809 414 859 444 liic
885 415 915 444 et
943 412 1068 452 ubique
1095 412 1243 443 locorum
1270 411 1449 443 exercendi
1476 414 1507 442 et
1533 411 1709 442 doctorum
1737 410 1882 451 insignia
1901 410 2086 448 deferendi,

257 477 403 517 aliisque
429 476 638 513 conferendi,
666 476 836 507 licentiam
864 478 894 506 et
912 474 1106 505 facultatem
1126 473 1345 505 concedimus
1373 482 1430 513 per
1461 475 1648 513 presentes,
1675 481 1760 513 quas
1787 473 1817 503 in
1845 473 2087 513 premissorum

257 539 357 570 tidem
384 542 414 570 et
440 539 669 570 testimonium
686 538 753 569 fieri
781 537 923 568 fecimus
950 537 981 567 in
1008 536 1150 567 formam
1178 535 1304 576 publici
1331 536 1524 567 documenti
1553 544 1610 576 per
1637 535 1680 566 lo.
1700 535 1881 566 Antonium
1909 535 1949 566 de
1975 533 2087 575 Segna

257 601 423 632 notarium
449 604 480 632 et
505 601 742 632 cancellarium
769 598 890 632 Curiae
918 598 1136 639 Episcopalis
1163 598 1349 638 papiensis,
1368 597 1540 638 sigillique
1567 595 1778 629 Cancellarie
1804 597 1958 629 eiusdem
1985 595 2085 629 Curie

259 664 474 703 appensione
509 663 720 694 cunniuniri.
754 660 926 698 Ceterum,
961 661 1055 701 prius
1088 660 1225 700 expleto
1263 668 1419 691 sermone
1451 660 1492 691 de
1525 660 1629 691 nostri
1664 660 1797 691 licentia
1831 668 1889 699 per
1922 659 2086 699 prefatum

256 727 453 766 magistrum
481 725 638 756 lacobum
667 724 862 765 Philippum
890 732 983 755 sacre
1010 723 1181 763 theologie
1208 722 1379 753 doctorem
1414 724 1639 762 promotorem
1667 731 1776 754 suum.
1802 722 1844 753 ab
1871 722 1991 753 eodem
2018 730 2087 753 ma-

254 788 359 828 gistro
375 787 497 818 Iacobo
514 786 673 827 Pliilipoo
693 786 801 817 eidem
819 786 980 826 magistro
1007 785 1051 816 lo.
1068 784 1216 816 Antonio
1242 784 1363 815 collata
1381 783 1514 815 fuerunt
1541 784 1738 816 doctoratus
1754 784 1910 825 insignia,
1930 783 2088 815 videlicet

257 850 340 881 liber
364 849 502 880 clausus
529 858 607 880 mox
634 851 665 880 et
698 851 836 889 apertus
863 848 927 879 sibi
961 847 1116 885 traditus,
1143 847 1291 878 annulus
1323 855 1448 878 aureus
1481 847 1587 887 digito
1621 855 1684 878 suo
1716 847 1907 886 impositus,
1933 846 2086 878 osculum

256 913 352 952 pacis
376 921 460 952 gene
486 920 545 943 sue
573 912 776 952 impressum
804 914 834 942 et
861 910 1054 942 benedictio
1081 912 1219 950 paterna
1245 910 1310 940 sibi
1338 909 1492 949 impensa
1518 908 1661 946 fuerunt,
1681 909 1826 940 servatis
1852 909 1883 939 in
1911 909 2086 949 premissis

255 975 375 1005 ritibus
389 977 419 1005 et
434 974 707 1005 solemnitatibus
733 974 938 1014 opportunis
953 975 984 1004 et
1003 973 1187 1004 consuetis.
1207 970 1330 1002 Datum
1349 974 1380 1002 et
1398 974 1508 1002 actum
1530 970 1644 1012 Papie,
1665 972 1696 1002 in
1712 971 1788 1002 aula
1805 979 1926 1012 magna
1952 971 2087 1011 episco-

255 1037 342 1077 palis
357 1037 483 1076 palatii,
499 1037 552 1067 siti
573 1037 603 1067 in
620 1035 720 1067 Porta
748 1035 891 1067 Pertusii
909 1036 940 1066 in
968 1034 1133 1066 Parochia
1160 1034 1267 1065 sancti
1284 1032 1422 1075 Georgii
1451 1034 1481 1064 in
1502 1033 1676 1070 Fenarolo,
1692 1034 1756 1065 sub
1782 1042 1872 1064 anno
1890 1033 2087 1065 Nativitatis

255 1097 432 1129 Dominice
447 1098 627 1129 millesimo
642 1098 916 1138 quingentesimo
931 1097 1149 1137 sexagesimo
1165 1097 1283 1137 primo,
1299 1096 1483 1127 indictione
1498 1098 1627 1136 quarta,
1643 1096 1696 1127 die
1713 1104 1792 1127 vero
1809 1096 1907 1134 iovis,
1923 1096 2086 1137 vigesima

256 1161 382 1192 mensis
416 1160 630 1198 novembris,
665 1161 745 1191 liora
783 1160 953 1191 tertiarum
992 1160 1044 1190 vel
1078 1159 1174 1197 circa,
1202 1158 1417 1199 presentibus
1451 1158 1704 1190 venerabilibus
1741 1158 1890 1189 dominis
1926 1158 2087 1190 fratribus

255 1223 375 1254 Fulvio
402 1222 562 1254 Fortunio
595 1226 626 1254 et
658 1222 840 1254 Dominico
868 1222 1024 1253 Firmano
1058 1222 1138 1253 dicti
1165 1220 1304 1253 Ordinis
1339 1221 1594 1259 Heremitaruni,
1613 1223 1643 1252 et
1670 1221 1769 1252 fratre
1796 1220 1838 1252 lo.
1866 1220 2018 1261 Baptista
2045 1221 2086 1252 de

255 1285 413 1326 Vigueria
429 1285 569 1317 Ordinis
596 1285 766 1316 Minorum
793 1283 1184 1322 Conventualium,inde
1209 1284 1354 1315 testibus
1373 1283 1472 1321 notis,
1489 1283 1621 1315 idoneis
1646 1285 1677 1314 et
1702 1283 1744 1314 ad
1764 1283 1930 1323 premissa
1956 1283 2087 1314 vocatis

258 1351 358 1388 atque
385 1348 527 1388 rogatis.

343 1410 440 1441 Nello
473 1411 580 1441 stesso
611 1411 741 1449 giorno,
766 1409 851 1440 nello
883 1411 990 1440 stesso
1015 1408 1116 1449 luogo
1149 1417 1165 1439 e
1194 1408 1284 1448 cogli
1307 1409 1406 1440 stessi
1438 1408 1626 1445 testimonii,
1652 1409 1682 1439 si
1711 1407 1825 1439 stende
1857 1408 1947 1439 dallo
1980 1410 2086 1440 stesso

254 1473 367 1503 notm'o
394 1472 416 1503 il
440 1472 588 1512 diploma
613 1472 648 1503 di
671 1472 784 1503 laurea
810 1472 841 1503 in
867 1471 1014 1511 teologia
1038 1470 1093 1502 del
1109 1470 1384 1512 migisterfrater
1400 1470 1601 1502 Franciscus
1616 1469 1775 1502 Azevedo
1801 1471 1908 1502 sancti
1928 1470 2086 1502 Iohannis

255 1533 448 1572 Lusitanus,
483 1533 622 1566 Ordinis
657 1534 901 1565 Heremitarum
935 1534 1041 1565 saneti
1069 1533 1262 1574 Augustini,
1296 1533 1354 1564 clze
1387 1533 1468 1564 ebbe
1499 1533 1531 1564 Ια
1565 1533 1692 1564 licenza
1717 1532 1752 1564 di
1775 1532 1999 1564 oddottororsi
2029 1532 2088 1564 dol

256 1596 370 1628 Priore
399 1596 555 1636 generale
587 1596 797 1629 dell'Ordine
823 1605 883 1628 con
908 1596 1017 1628 lettere
1042 1597 1073 1627 in
1104 1596 1183 1628 data
1209 1595 1244 1627 cti
1275 1595 1413 1633 Manno,
1437 1596 1484 1626 22
1505 1594 1677 1626 settembre
1705 1595 1799 1627 1561.
1825 1595 1841 1626 I
1857 1595 2039 1635 promotori
2069 1603 2086 1626 e

255 1659 306 1699 gli
328 1660 543 1691 esominatori
566 1668 649 1691 sono
671 1659 722 1700 gli
745 1660 844 1691 stessi
868 1659 922 1690 o'el
945 1659 1140 1690 documento
1163 1658 1368 1699 precedente,
1393 1658 1417 1689 il
1441 1658 1494 1689 cui
1517 1659 1600 1689 testo
1626 1657 1642 1689 ἑ
1666 1658 1804 1698 ripetuto
1830 1658 1898 1689 olla
1923 1657 2047 1689 lettera.

971 1860 1375 1901 CMLXXXVI.

349 1969 376 1997 Il
403 1969 564 2006 Capitolo
591 1969 625 1997 di
651 1969 687 1998 S.
715 1970 823 1997 Paolo
849 1969 968 2005 elegge
994 1978 1039 1997 un
1063 1974 1289 2006 procuratore
1314 1978 1375 2006 per
1407 1969 1417 1997 i
1442 1970 1521 1998 beni
1548 1970 1583 1998 di
1609 1970 1698 1998 frate
1723 1969 1896 2006 Agostino
1921 1969 2063 2000 Perotti.

877 2092 1040 2124 1362,
1069 2092 1354 2124 ge11rxai09
1387 2092 1477 2117 28.

831 2207 904 2229 (Arcti.
922 2207 1002 2227 Notar.
1020 2207 1041 2227 di
1059 2207 1129 2228 Pavia
1145 2218 1169 2221 —-
1188 2207 1235 2228 Atti
1252 2207 1274 2228 di
1290 2206 1368 2228 Guido
1383 2207 1519 2233 Mangano).

530 2466 661 2498 Thome
686 2467 727 2498 de
754 2467 952 2498 Mediolano
979 2465 1040 2498 Dei
1067 2468 1173 2507 gratia
1200 2466 1338 2506 Prioris,
1352 2467 1405 2499 nel
1417 2468 1515 2507 quale
1540 2468 1725 2499 trovoronsi
1748 2467 1851 2498 anche
1874 2467 2088 2499 venerabiles

528 2530 655 2561 domini
682 2529 800 2561 fratres
826 2529 869 2560 lo.
896 2529 1024 2560 Tornas
1049 2530 1090 2561 de
1116 2528 1236 2562 Crema
1263 2530 1420 2568 vicarius,
1446 2529 1649 2561 Ambrosius
1674 2529 1715 2560 de
1748 2528 1904 2567 Bozzulo,
1930 2528 2088 2562 Aurelius

262 2592 303 2623 de
342 2592 465 2630 Laude,
493 2592 708 2623 Hieronimus
741 2592 781 2622 de
820 2591 1029 2629 Mediolano,
1057 2591 1185 2623 Laurus
1211 2592 1252 2623 de
1289 2590 1425 2624 Savona
1450 2593 1481 2623 et
1518 2590 1637 2623 Petrus
1673 2591 1714 2622 de
1752 2590 1895 2629 platina,
1919 2591 1950 2622 si
1973 2591 2088 2632 elegge

257 2656 468 2694 procuratore
486 2654 576 2694 frate
600 2654 780 2693 Ambrogio
801 2654 844 2685 cia
871 2653 1031 2691 Bozzolo,
1053 2654 1109 2694 pel
1133 2655 1400 2694 consegnimento
1425 2653 1480 2685 dei
1503 2653 1578 2685 beni
1600 2653 1757 2694 spettonti
1780 2653 1814 2684 al
1837 2655 1995 2684 convento
2021 2662 2090 2685 me-

262 2717 375 2748 diante
402 2725 546 2756 persona
585 2716 790 2748 venerabilis
827 2716 954 2747 domini
982 2715 1093 2747 fratris
1126 2715 1307 2757 Augustini
1334 2716 1419 2747 alias
1453 2716 1483 2746 in
1511 2715 1627 2747 seculo
1665 2715 1827 2746 nominati
1854 2714 1897 2746 lo.
1936 2714 2088 2756 Baptiste

263 2778 375 2810 fratris
410 2778 555 2818 professi
583 2779 614 2809 in
649 2779 739 2809 dicto
766 2779 972 2810 monasterio
998 2781 1029 2810 et
1057 2779 1087 2809 in
1114 2778 1203 2810 dicta
1230 2778 1401 2819 religione,
1427 2778 1469 2809 eci
1497 2786 1517 2808 o
1541 2777 1589 2808 lui
1615 2778 1785 2818 pervenuti
1805 2785 1867 2818 per
1888 2777 2011 2809 ereditci
2036 2777 2086 2809 ‹te’

262 2841 338 2871 suoi
358 2840 503 2880 genitori
527 2840 688 2879 Agostino
715 2839 840 2872 Perotli
863 2840 898 2872 cti
924 2839 1109 2880 Cicognolo
1134 2849 1150 2871 e
1175 2840 1342 2872 Antonino
1371 2840 1576 2879 Magistrotti
1598 2837 1660 2879 (1).

331 2391 454 2508 N
510 2409 552 2435 ΕΙ,
576 2407 734 2436 convento
759 2405 794 2436 di
817 2404 849 2437 S.
876 2404 993 2440 Paolo,
1020 2405 1168 2436 adunato
1194 2405 1218 2436 il
1241 2405 1386 2446 capitolo
1404 2405 1446 2437 de
1466 2405 1626 2436 mandato
1644 2405 1819 2437 reverendi
1839 2405 1966 2436 domini
1982 2405 2087 2445 patris

339 2998 345 3017 1
377 2997 408 3017 Lo
424 2999 502 3018 stesso
518 2997 608 3022 giorno,
624 2997 649 3017 ΖΒ
664 2997 763 3023 gennaio
781 2997 838 3022 1562,
855 2998 868 3017 il
884 2998 988 3023 capitolo
1003 3003 1046 3018 con
1061 2999 1112 3018 atto
1127 2997 1149 3017 di
1205 2997 1227 3017 in
1238 2996 1332 3018 Silvano
1347 2996 1561 3022 dell'Oltrepo,clie
1577 2997 1590 3017 il
1607 2996 1732 3022 Bottigella
1747 2996 1860 3021 aveva‚ai
1878 2996 1901 3017 13
1915 2995 2084 3022 ἔπι-13101556,

271 3040 363 3061 Matteo
379 3040 514 3066 CeHanova,
524 3041 618 3062 rivende
633 3041 654 3062 al
671 3042 723 3061 nob,
734 3041 848 3067 Agostino
861 3041 984 3067 Bottigclla
999 3042 1081 3062 alcime
1092 3042 1153 3062 terre
1208 3041 1294 3062 ceduto
1309 3041 1330 3061 al
1345 3042 1461 3062 convento
1476 3047 1488 3061 a
1504 3041 1642 3062 condizione
1658 3040 1679 3061 di
1695 3041 1784 3066 poterle
1800 3041 1929 3061 riseattare,
