2305 3407
1962 180 2022 211 119

207 307 281 338 tica.
307 307 423 348 ibique
450 308 481 339 in
509 309 571 340 mei
599 309 762 340 notariiet
777 309 911 341 testium
938 309 1225 350 infrascriptorum
1252 310 1420 350 presentia
1435 312 1465 341 et
1479 318 1590 341 coram
1617 312 1802 343 reverendo
1829 313 1859 343 in
1886 311 2023 344 Christo

208 370 300 408 patre
327 370 408 401 iuris
435 371 609 411 utriusque
634 371 773 402 doctore
799 371 936 402 domino
962 370 1133 412 Oppicino
1157 372 1199 403 de
1224 370 1427 410 Gentilibus,
1453 373 1617 413 episcopo
1642 375 1852 413 emoniensi,
1871 384 2024 406 reveren-

208 431 338 462 dissimi
365 432 396 462 in
423 430 559 464 Christo
585 433 690 473 patris
714 435 745 464 et
770 433 897 464 domini
923 434 1049 465 domini
1076 433 1211 465 Antonii
1238 433 1322 465 tituli
1349 436 1463 465 sancte
1490 433 1655 466 Praxedis
1689 434 1866 467 Presbiteri
1908 435 2026 468 Cardi-

209 493 295 524 nalis
321 492 549 533 Episcopique
576 494 751 534 papiensis
766 495 944 526 etcomitis
970 495 1214 528 locumtenente
1229 499 1258 527 et
1275 497 1398 528 vicario
1424 497 1657 537 generali,pro
1682 498 1838 529 tribunali
1855 499 2025 530 sedente...

208 552 423 586 Constitutus
449 556 654 587 reverendus
680 556 711 587 in
738 555 874 588 Christo
901 559 995 597 pater
1020 558 1179 589 dominus
1204 557 1329 590 Galeaz
1356 558 1396 590 de
1423 558 1531 596 Petra,
1558 557 1657 591 Sedis
1691 559 1888 600 Apostolice
1914 564 2026 600 proto-

209 617 359 648 notarius
384 626 422 648 ac
450 617 579 648 ducalis
605 620 742 649 senator
767 618 944 659 abbasque
969 620 1104 651 abbatie
1132 619 1329 661 Aquelonge
1357 622 1532 661 papiensis
1573 622 1731 659 diocesis,
1774 625 1971 663 prucurator
1996 626 2026 654 et

209 680 439 719 procuratorio
465 680 633 710 nomine...
660 679 877 712 illustrissimi
905 684 934 712 et
960 682 1236 714 excellentissimi
1263 683 1390 714 domini
1416 683 1543 714 domini
1571 683 1740 716 francisci
1775 683 1895 716 Stortie
1934 684 2028 716 Vice-

208 740 352 778 comitis,
379 739 484 772 Ducis
510 740 707 779 Mediolani,
735 741 838 782 Papie
865 741 1042 784 Principis,
1069 743 1292 785 Anglerieque
1319 744 1463 778 Comitis
1489 755 1526 777 ac
1554 745 1654 777 lanue
1681 745 1826 784 Domini,
1846 747 1902 778 tilii
1922 756 2028 787 quon-

209 802 284 834 dam
311 802 398 834 bone
425 804 582 834 memorie
609 803 827 836 illustrissimi
853 807 883 836 et
909 805 1183 838 excellentissimi
1223 806 1390 848 Principis
1427 808 1554 839 domini
1592 809 1718 840 domini
1746 808 1921 841 Ludovici.
1948 809 2025 840 olim

209 863 315 896 Ducis
342 864 572 896 Mediolani...
599 866 821 898 considerans
848 868 994 899 humano
1020 869 1131 909 generi
1159 870 1322 909 optimum
1341 869 1411 901 fore
1430 879 1468 902 ac
1483 871 1618 902 salubre
1644 871 2025 903 consiliumanimarum

209 927 319 965 saluti,
345 936 410 968 que
436 928 565 959 cunctis
591 929 691 959 rebus
717 931 768 960 est
794 929 1004 969 preferenda,
1042 931 1221 962 salubriter
1256 932 1432 964 consulere
1458 935 1489 964 et
1515 934 1704 973 providere,
1745 934 1941 974 caducaque
1968 943 2028 974 pro

208 991 331 1021 eternis
357 992 387 1021 et
413 991 611 1031 temporalia
638 1000 697 1031 pro
724 992 896 1032 perpetuis
922 992 1008 1024 felici
1035 994 1259 1025 conversione
1286 996 1700 1035 commutare,cupiatque
1715 997 1868 1036 errigere,
1887 995 2027 1027 fondare

209 1054 240 1082 et
265 1052 394 1083 dottare
421 1053 451 1083 in
478 1053 621 1084 ecclesia
648 1054 841 1085 monasterii
868 1055 973 1085 sancti
1001 1054 1179 1096 Augustini
1207 1056 1353 1087 civitatis
1381 1056 1494 1097 Papie,
1520 1058 1562 1088 ad
1588 1057 1691 1089 altare
1716 1059 1820 1089 sancti
1848 1058 2026 1099 Augustini

209 1116 439 1145 constructum
466 1115 497 1146 in
523 1116 613 1146 dicta
639 1116 792 1153 ecclesia,
819 1117 971 1156 errigere,
997 1116 1137 1149 tondare
1164 1120 1194 1149 et
1220 1119 1335 1150 dotare
1362 1119 1525 1159 capellam
1553 1128 1651 1151 unam
1668 1121 1731 1151 sub
1748 1121 1914 1151 vocabulo
1940 1122 1970 1151 et
1997 1121 2027 1151 in

211 1176 370 1207 honorem
397 1177 502 1208 sancti
534 1177 722 1217 Augustini,
748 1180 778 1209 et
806 1178 894 1209 illam
922 1179 1044 1209 ibidem
1072 1179 1184 1210 stabili
1211 1181 1387 1220 proposito
1414 1181 1544 1212 firmare
1571 1191 1704 1222 semper
1737 1184 1886 1222 optasse,
1913 1191 2029 1222 quam-

211 1247 309 1278 quam
338 1239 439 1270 variis
464 1248 657 1279 guerrarum
684 1240 876 1271 turbinibus
902 1241 1045 1280 aliisque
1071 1241 1336 1273 adversitatibus
1361 1243 1620 1281 obsistentibus,
1648 1245 1678 1275 id
1713 1245 1835 1284 exequi
1863 1247 1893 1276 et
1919 1244 2027 1276 tacere

211 1302 419 1341 nequiverit:
446 1311 534 1333 nunc
561 1302 675 1333 celesti
703 1302 817 1334 favore
843 1305 874 1334 et
899 1304 1036 1343 superni
1064 1305 1210 1335 muneris
1236 1305 1352 1345 gratia,
1379 1314 1443 1345 que
1471 1308 1597 1337 mentes
1623 1305 1747 1338 Christi
1783 1307 1929 1338 fidelium
1957 1307 2030 1338 illu—

211 1365 312 1395 minat
337 1366 367 1395 et
393 1364 545 1402 illustrat,
571 1365 770 1396 excitatus...
799 1366 829 1396 in
856 1366 1037 1396 remedium
1064 1368 1095 1397 et
1121 1376 1181 1406 pro
1207 1367 1314 1398 salute
1340 1368 1449 1399 anime
1476 1368 1593 1408 prefati
1621 1369 1837 1400 illustrissimi
1864 1372 1894 1400 et
1920 1370 2029 1400 excel-

211 1426 387 1458 lentissimi
415 1426 528 1462 Ducis,
557 1427 704 1467 dictique
731 1428 902 1467 quondam
930 1428 1148 1459 illustrissimi
1175 1429 1300 1460 domini
1328 1430 1454 1460 domini
1481 1431 1642 1471 genitoris
1669 1431 1731 1467 sui,
1759 1433 1890 1471 sponte,
1911 1432 2030 1462 volun-

203 1489 283 1519 tarie
308 1491 339 1519 et
364 1498 405 1520 ex
432 1491 521 1520 certa
548 1490 688 1520 scientia
714 1492 744 1520 et
769 1489 854 1521 alias
880 1490 969 1520 omni
998 1491 1077 1527 iure,
1105 1491 1216 1528 modo,
1231 1500 1334 1522 causa
1349 1494 1380 1522 et
1399 1492 1503 1523 forma
1523 1493 1648 1532 quibus
1668 1493 1787 1524 melius
1813 1496 1843 1524 et
1871 1494 2027 1531 validius,

210 1551 299 1581 dicto
326 1552 558 1591 procuratorio
586 1552 730 1589 nomine,
757 1552 865 1591 potuit
891 1555 921 1583 et
947 1555 1070 1592 potest,
1108 1552 1272 1590 tondavit,
1313 1555 1435 1585 errexit
1461 1557 1492 1585 et
1518 1555 1657 1592 dotavit,
1683 1564 1722 1586 ac
1749 1554 1875 1593 tondat,
1916 1556 2028 1596 errigit

208 1615 239 1644 et
265 1613 357 1644 dotat
383 1614 414 1644 in
441 1614 528 1644 dicta
554 1614 696 1645 ecclesia
723 1615 829 1645 sancti
857 1613 1048 1655 Augustini,
1075 1615 1116 1645 ad
1142 1615 1245 1646 altare
1272 1616 1377 1647 sancti
1406 1616 1596 1657 Augustini,
1638 1617 1802 1657 capellam
1831 1626 1940 1655 unam,
1968 1626 2026 1649 seu

208 1677 407 1715 perpetuum
434 1684 535 1706 unum
563 1676 770 1707 sacerdotale
796 1677 1000 1714 benefitium,
1027 1677 1090 1707 sub
1117 1677 1286 1708 vocabulo
1313 1680 1343 1708 et
1370 1678 1400 1708 in
1428 1678 1587 1709 honorem
1614 1679 1752 1719 gloriosi
1779 1680 1886 1711 sancti
1914 1679 2028 1720 Augu-

207 1737 296 1773 stini,
322 1737 499 1777 eidemque
525 1736 663 1778 Capelle
690 1746 747 1769 seu
774 1739 865 1769 dicto
891 1740 1056 1778 perpetuo
1096 1740 1297 1770 sacerdotali
1341 1740 1509 1778 benefitiO,
1536 1741 1577 1771 de
1605 1741 1703 1772 bonis
1729 1741 1792 1772 sibi
1820 1750 1837 1772 a
1864 1740 1936 1772 Deo
1961 1742 2028 1773 col-

208 1799 293 1835 latis,
320 1808 379 1840 pro
406 1800 494 1838 dote,
521 1801 654 1831 nomine
680 1802 711 1831 et
736 1810 777 1831 ex
804 1810 906 1832 causa
932 1801 1022 1832 dotis
1048 1804 1078 1832 et
1105 1802 1135 1832 in
1162 1803 1236 1833 eius
1273 1802 1401 1842 capelle
1443 1803 1565 1840 dotem,
1604 1803 1733 1843 pretato
1775 1804 2025 1835 Locumtenenti

205 1864 236 1892 et
263 1862 341 1892 mini
368 1863 499 1893 notario
526 1863 571 1893 uti
599 1863 733 1902 publice
761 1872 905 1903 persone
931 1863 1105 1904 stipulanti
1133 1866 1163 1895 et
1190 1864 1362 1904 recipienti
1391 1866 1524 1896 nomine
1551 1868 1581 1896 et
1608 1866 1679 1896 vice
1706 1866 1793 1897 dicte
1830 1864 1969 1906 Capelle
1995 1870 2026 1897 et

203 1924 245 1954 ad
271 1925 345 1955 eius
370 1926 496 1964 partem
523 1927 554 1955 et
581 1925 755 1956 utilitatem
782 1934 819 1956 ac
845 1926 993 1956 omnium
1020 1928 1050 1957 et
1077 1927 1285 1966 singulorum
1313 1925 1573 1967 Capellanorum
1593 1927 1779 1959 futurorum
1800 1938 1858 1968 per
1875 1931 2024 1969 tempora

206 1987 248 2017 ad
275 1987 398 2018 dictam
426 1987 622 2027 capellam...
650 1988 763 2025 cessit,
790 1988 941 2023 donavit,
968 1989 1070 2024 dedit,
1097 1989 1257 2020 traddidit
1283 1991 1313 2020 et
1339 1990 1454 2029 quaxi,
1481 1998 1518 2020 ac
1544 1990 1643 2027 cedit,
1669 1991 1783 2023 donat,
1811 1991 1944 2028 traddit,
1970 1991 2026 2022 dat

206 2051 236 2079 et
261 2049 376 2088 quaxi,
404 2049 620 2087 nominative,
648 2059 707 2090 pro
734 2050 888 2081 indivixo
914 2060 988 2082 cum
1017 2060 1080 2082 una
1107 2051 1171 2082 alia
1197 2051 1327 2091 capella
1354 2060 1412 2091 per
1439 2052 1548 2091 ipsum
1586 2052 1675 2083 dicto
1714 2053 1847 2082 nomine
1873 2055 2026 2083 constru—

206 2111 304 2148 enda,
330 2111 506 2152 errigenda
532 2114 563 2142 et
588 2111 735 2143 dotanda
763 2113 792 2143 in
820 2113 964 2144 ecclesia
991 2113 1097 2144 sancti
1125 2112 1246 2144 Felicis
1273 2111 1388 2153 papie,
1415 2114 1583 2153 perticlias
1609 2114 1789 2144 ducentum
1832 2114 2025 2154 infrascrip-

206 2175 312 2204 tarum
340 2174 562 2213 perticharum
590 2176 870 2214 quatuorcentum
897 2175 1144 2215 quinquaginta
1171 2175 1222 2205 vel
1248 2176 1370 2211 circlia,
1397 2178 1568 2212 terrarum,
1589 2176 1760 2206 vinearum
1788 2185 1825 2207 ac
1853 2180 2021 2216 pratorum

205 2237 237 2266 et
264 2235 510 2266 lieditt‘iciorum
552 2244 655 2276 super
679 2237 728 2267 eis
753 2237 983 2274 existentium,
1025 2246 1084 2277 pro
1126 2239 1205 2274 rata,
1247 2237 1387 2268 sitorum
1416 2238 1445 2267 in
1486 2236 1615 2268 Parclio
1643 2236 1767 2278 Papie;
1795 2248 1859 2278 quc
1885 2238 2020 2278 quidem

206 2298 293 2337 petie
319 2300 403 2328 terre
430 2300 460 2328 et
486 2298 662 2329 sediminis
689 2307 790 2338 super
815 2306 882 2338 quo
908 2299 1004 2329 adest
1030 2299 1169 2338 capsina
1197 2308 1272 2335 una,
1299 2299 1506 2330 columbaria
1526 2308 1601 2335 una,
1620 2309 1693 2330 curn
1714 2300 1872 2331 domibus
1899 2300 2021 2331 ibidem

204 2360 348 2390 annexis
374 2362 405 2390 et
431 2362 515 2397 orto,
542 2360 605 2391 sita
632 2360 663 2390 in
691 2359 819 2390 Parclio
835 2360 890 2391 ubi
918 2360 1039 2391 dicitur
1064 2369 1081 2391 a
1109 2361 1138 2391 la
1165 2362 1250 2392 torre
1277 2361 1328 2391 del
1356 2359 1454 2397 Galo,
1481 2361 1703 2401 perticliarum
1731 2365 2021 2402 quatuorcentum,

204 2422 257 2452 cui
284 2422 419 2452 colieret
445 2422 487 2452 ab
515 2431 578 2453 una
605 2424 696 2462 parte
735 2422 920 2462 prelibatus
958 2422 1115 2453 dominus
1152 2422 1311 2453 dominus
1349 2420 1438 2459 Dux,
1463 2423 1506 2453 ab
1531 2423 1595 2454 alia
1623 2425 1724 2454 strata
1762 2432 1866 2464 prope
1893 2433 2020 2455 murum

204 2484 283 2515 dicti
312 2483 429 2515 Parclii
457 2493 577 2515 versus
603 2483 818 2524 Capsinetas,
845 2484 887 2515 ab
913 2484 977 2515 alia
1005 2493 1124 2516 versus
1151 2483 1289 2524 Papiam
1316 2485 1414 2515 etiam
1453 2485 1639 2525 prelibatus
1679 2486 1837 2517 dominus
1864 2487 2022 2518 dominus

209 2670 262 2690 (lam
279 2670 384 2695 Antonii,
401 2670 424 2690 iri
440 2670 519 2690 seculo
534 2671 672 2690 noniiuotus
688 2669 813 2693 lohannes,
827 2668 906 2694 frater
916 2669 1018 2689 nondum
1032 2674 1086 2694 pro-
1140 2668 1168 2688 dc
1186 2668 1255 2693 Papia
1272 2668 1349 2688 debita
1366 2674 1406 2693 per
1422 2669 1538 2694 quondam
1556 2675 1614 2689 nunc
1630 2669 1747 2690 dominum
1769 2671 1903 2695 magistrum
1921 2671 2016 2692 Felicem

205 2713 287 2740 sessus
302 2715 325 2734 1'11
340 2714 447 2739 predicto
463 2714 619 2739 Monusterio,
635 2714 709 2734 vende
726 2719 766 2739 per
781 2713 821 2733 lire
836 2714 875 2734 450
890 2719 902 2733 n
918 2713 974 2733 Ginn
985 2713 1084 2733 Antonio
1140 2712 1168 2733 cie
1185 2712 1263 2733 Faleto
1279 2712 1307 2733 de
1324 2713 1392 2737 Luca,
1418 2713 1455 2738 qui
1481 2714 1595 2739 superiori
1621 2719 1674 2734 vere
1689 2715 1710 2734 in
1727 2715 1822 2735 civitate
1848 2714 1932 2740 Papiae
1956 2716 2016 2736 diem

209 2758 264 2779 Bovi
282 2764 326 2779 una
341 2764 395 2779 casa
411 2759 432 2778 in
449 2758 583 2784 parroechia
600 2758 621 2778 di
638 2757 660 2779 S.
677 2758 786 2778 Teodoro
807 2758 827 2778 di
846 2757 923 2778 Pavia.
1139 2763 1206 2778 suum
1223 2757 1306 2778 clausit
1322 2759 1450 2778 extremum

1467 2765 1485 2778 ι,
1504 2758 1586 2779 L'atto
1602 2758 1613 2779 'e
1630 2760 1712 2784 rogato
1728 2759 1757 2779 da
1773 2758 1830 2780 Gian
1842 2759 1955 2785 Agostino
1968 2760 2017 2781 Mo-

261 2803 286 2823 Ai
301 2803 324 2823 21
342 2803 413 2828 luglio
428 2803 450 2823 lo
466 2804 544 2823 stesso
560 2802 677 2828 Capitolo,
693 2802 736 2822 alla
754 2807 866 2827 presenza
882 2802 918 2822 del
942 2801 1085 2822 Provinciale

206 2847 228 2867 di
246 2847 382 2867 Lombardia
407 2846 466 2867 irate
491 2847 598 2868 Gabriele
614 2847 642 2867 da
660 2847 738 2869 Pavia.
764 2847 843 2873 elegge
868 2852 910 2867 suo
934 2848 1085 2872 procuratore

206 2899 216 2908 α
232 2891 350 2912 dominum
366 2897 431 2912 sacre
447 2892 530 2917 pagine
547 2891 703 2917 professorem
726 2891 845 2913 dominum
870 2891 1006 2916 magistrum
1023 2890 1082 2911 lero-

205 2936 290 2956 nimum
306 2936 334 2957 de
350 2936 460 2961 Fulgineo
484 2936 558 2957 totius
583 2936 676 2957 Ordinis
699 2936 803 2957 Fratrum
829 2936 998 2957 Heremitarum
1013 2935 1035 2956 in
1051 2941 1086 2955 ro-

205 2984 271 3000 mana
295 2979 358 3000 curia
383 2980 537 3000 universalem
564 2979 741 3001 Procuratorem
764 2985 805 3006 per
828 2980 917 3005 esigere
933 2984 1080 3005 quecumque

205 3024 265 3044 bona
281 3025 303 3044 et
320 3024 431 3050 pecunias
446 3024 534 3045 eisdem
551 3024 671 3045 Fratribus
687 3024 841 3045 Heremitanis
863 3024 937 3045 sancti
960 3023 1083 3049 Augustini

1141 2807 1214 2822 rascoi

1194 2846 1219 2866 Ai
1235 2846 1246 2865 4
1262 2846 1390 2866 settembre
1406 2846 1426 2866 la
1443 2846 1524 2867 Nobile
1548 2846 1632 2867 Cecilia
1659 2847 1769 2868 Fazzardi
1785 2847 1821 2868 dcl
1837 2847 1859 2868 in
1876 2848 2015 2871 Salimbene,

1137 2890 1227 2911 vedova
1243 2890 1264 2910 di
1282 2889 1412 2911 Benedetto
1428 2891 1455 2911 de
1473 2890 1547 2911 Beciis
1565 2891 1627 2912 xvedi
1643 2892 1784 2913 documento
1800 2892 1835 2913 del
1854 2893 1875 2913 14
1891 2893 2015 2913 novembre

1143 2935 1201 2959 1503)
1216 2940 1259 2955 con
1275 2936 1417 2955 testamento
1442 2937 1524 2961 rogato
1539 2935 1568 2956 da
1584 2935 1642 2957 Gian
1667 2936 1767 2957 Battista
1784 2936 1894 2962 lmodelli,
1917 2937 1986 2958 {ascia
2002 2943 2013 2957 a

1136 2978 1158 2999 S.
1175 2978 1289 3004 Agostino
1305 2979 1345 2999 lire
1363 2979 1386 2999 16
1401 2979 1512 3005 imperiali
1538 2985 1578 3005 per
1600 2980 1620 3000 la
1645 2981 1805 3001 celebrazione
1820 2981 1842 3001 di
1859 2983 1893 3002 tre
1908 2981 1969 3002 otiici
1985 2981 2012 3001 da

1140 3024 1223 3043 morto.
