2305 3407
1969 128 2034 161 239

219 255 261 286 de
286 255 440 296 pecuniis
465 255 613 296 publicis
638 255 711 287 sive
737 255 866 296 prefate
892 256 1068 296 magnifice
1093 254 1323 288 Comunitatis
1349 255 1464 298 Papie.
1491 257 1531 289 Et
1556 258 1646 290 datis
1671 258 1795 290 balotis
1820 260 2036 300 sumptisque

221 317 393 358 suffragiis
428 317 603 349 obtentum
630 317 692 349 fuit
727 317 885 358 partitum
922 318 1015 358 quod
1053 318 1120 356 fiat,
1157 320 1345 358 exequatur
1380 322 1413 350 et
1449 319 1669 360 provideatur
1695 322 1728 352 ut
1754 329 1857 362 supra
1883 323 1914 353 et
1939 324 2038 362 prout

223 386 326 419 supra
342 376 404 419 (l).

993 473 1261 514 CMXLII.

311 581 541 610 Professione
566 581 734 617 religiosa
761 581 795 609 di
820 586 873 610 tre
899 582 1016 610 novizi
1043 582 1078 610 di
1105 583 1140 611 S.
1168 583 1351 614 Mostiola.

848 677 1012 708 1566,
1044 678 1327 709 gerurxaio,
1360 679 1412 703 9.

785 764 864 786 (Arch.
882 765 963 785 Notar.
980 765 1002 786 di
1020 764 1091 786 pavia
1107 776 1131 779 —
1148 765 1197 786 Atti
1213 766 1235 786 di
1251 765 1367 787 Ubaldino
1383 766 1484 791 Porzio)⁴

293 842 416 958 N
463 843 513 886 ἸΕΙ.
537 857 694 887 convento
720 856 755 887 a'i
778 855 811 888 S.
837 856 1006 894 Mostfflla,
1032 857 1204 888 constituti
1231 866 1344 888 coram
1372 858 1559 889 reverendo
1592 867 1686 890 sacre
1724 859 1892 900 theologie
1919 859 2048 899 profes-

491 926 566 949 sore
592 918 730 949 domino
756 918 855 950 fratre
881 917 1107 951 Constantino
1133 920 1173 951 de
1189 919 1300 957 lanua,
1316 919 1529 951 provinciale
1544 920 1575 951 in
1595 919 1752 952 Partibus
1768 920 1968 953 Lombardie
1987 921 2049 953 Or-

310 1015 317 1016 ἶ
339 975 464 1018 φή)
493 980 583 1011 dinis
609 980 851 1012 Heremitaruni
889 982 997 1012 sancti
1036 981 1229 1022 Augustini,
1260 991 1319 1013 nec
1347 991 1413 1013 non
1439 984 1470 1013 et
1496 982 1608 1014 fratris
1635 982 1793 1014 Gulielmi
1821 983 1861 1014 de
1888 983 2047 1015 Palazolo

228 1042 350 1082 prioris
376 1043 569 1074 monasterii
596 1044 713 1074 sancte
740 1043 902 1075 Mustiole
929 1043 1044 1084 Papie,
1070 1042 1209 1075 Ordinis
1235 1045 1387 1085 predicti,
1414 1044 1515 1076 frater
1532 1043 1779 1077 Constantinus
1805 1046 1845 1076 de
1872 1046 1962 1077 Melo
1977 1055 2052 1087 gra-

229 1105 318 1142 nato,
358 1103 460 1136 frater
501 1105 718 1137 Hieronimus
744 1106 785 1137 de
810 1103 858 1145 (in
884 1103 1017 1145 blanco)
1043 1106 1085 1137 de
1112 1105 1229 1147 Papia,
1266 1108 1298 1138 et
1334 1106 1435 1138 frater
1461 1106 1607 1138 Michael
1634 1106 1785 1148 Angelus
1811 1108 1851 1139 de
1878 1107 2047 1146 Palazolo,

228 1165 348 1198 fratres
374 1167 404 1197 in
431 1167 521 1198 dicto
548 1169 764 1206 monasterio,
791 1168 850 1199 sed
878 1168 1026 1199 nondum
1054 1168 1210 1209 professi,
1237 1171 1269 1200 et
1294 1169 1552 1200 considerantes
1589 1170 1680 1209 quod
1720 1170 1845 1201 servire
1872 1169 1944 1201 Deo
1970 1171 2051 1202 nihil

230 1229 350 1260 melius
376 1229 444 1260 fieri
472 1238 586 1270 posse,
613 1230 690 1262 ideo
715 1233 949 1271 exposuerunt
974 1233 1005 1262 et
1029 1231 1222 1262 dixerunt...
1248 1231 1388 1271 prefatis
1415 1232 1603 1263 reverendo
1629 1232 1767 1263 domino
1793 1231 1997 1264 Provinciali
2024 1236 2055 1265 et

231 1289 348 1329 Priori,
375 1292 419 1323 ob
445 1292 674 1324 obedientiam
700 1294 731 1324 et
756 1293 973 1325 devotionem
1000 1302 1101 1333 quam
1139 1293 1264 1324 habent
1301 1293 1405 1324 Beato
1443 1293 1532 1324 Patri
1559 1293 1751 1334 Augustino
1776 1296 1808 1326 et
1833 1295 1907 1326 eius
1933 1294 2052 1326 Ordini

231 1355 262 1384 et
288 1354 434 1385 maxime
471 1354 622 1394 predicto
663 1356 869 1387 monasterio
907 1357 1022 1387 sancte
1049 1355 1212 1386 Mustiole
1238 1354 1353 1396 Papie,
1381 1355 1521 1387 libenter
1546 1364 1669 1396 cupere
1695 1358 1727 1388 et
1752 1358 1868 1396 optare
1895 1366 1930 1388 se
1956 1366 1992 1388 se
2017 1366 2055 1388 ac

232 1425 398 1456 personas
423 1426 462 1448 ac
488 1426 604 1448 eorum
632 1417 720 1449 bona
747 1417 883 1449 mobilia
909 1420 940 1449 et
966 1418 1152 1450 immobilia
1178 1418 1276 1448 etiam
1303 1417 1425 1455 futura,
1451 1417 1561 1458 ipsius
1580 1417 1673 1448 Beati
1693 1417 1873 1458 Augustini
1892 1417 2054 1450 Ordinem

232 1478 353 1509 intrare
378 1480 410 1509 et
435 1479 544 1519 ipsius
570 1479 719 1519 regulam
746 1480 905 1519 profiteri,
932 1480 1077 1510 maxime
1103 1480 1134 1510 in
1161 1479 1252 1510 dicto
1279 1479 1483 1510 monasterio
1510 1481 1625 1511 sancte
1651 1479 1825 1518 Mustiole,
1851 1481 1878 1512 si
1904 1482 1936 1511 et
1961 1481 2057 1511 dum-

233 1539 334 1571 modo
361 1539 502 1580 prefatis
528 1541 723 1572 reverendis
750 1540 953 1573 Provinciali
979 1543 1011 1572 et
1037 1540 1143 1572 Priori
1171 1541 1335 1581 placuerit
1360 1543 1535 1581 acceptare
1562 1542 1658 1582 ipsos
1684 1542 1715 1572 in
1735 1541 1862 1574 Ordine
1881 1544 1912 1573 et
1931 1541 2058 1583 Regula

234 1601 313 1633 dicti
340 1602 409 1633 divi
438 1601 631 1643 Augustini,
658 1602 797 1635 Ordinis
824 1604 978 1643 predicti,
1004 1605 1035 1634 et
1060 1604 1188 1635 eisdem
1214 1603 1365 1634 conferre
1391 1603 1542 1634 habitum
1569 1603 1647 1635 dicti
1674 1602 1826 1643 Ordinis,
1863 1604 2059 1636 obtulerunt

234 1666 266 1695 et
291 1664 445 1702 offerunt,
472 1666 503 1695 et
529 1665 622 1696 illum
649 1665 778 1697 deferre
803 1667 834 1697 et
862 1665 1023 1706 Regulam
1058 1666 1168 1706 ipsius
1205 1664 1345 1697 Ordinis
1382 1665 1492 1696 facere
1517 1667 1548 1696 et
1574 1666 1722 1706 profiteri
1748 1668 1781 1697 et
1806 1675 1973 1706 personas
2011 1667 2061 1707 ip-

235 1735 350 1757 sorum
388 1725 507 1758 Ordini
546 1727 700 1767 predicto
730 1727 887 1759 dedicare
913 1729 945 1759 et
970 1728 1035 1759 alia
1061 1736 1275 1768 quecumque
1300 1728 1410 1759 dicere
1436 1729 1467 1758 et
1491 1727 1602 1759 facere
1628 1728 1670 1759 ad
1697 1737 1762 1768 que
1789 1729 1829 1760 de
1855 1729 1924 1760 iure
1950 1730 1982 1760 et
2008 1737 2060 1760 se-

237 1788 385 1819 cundum
423 1788 566 1820 formam
605 1788 731 1830 Regule
767 1791 798 1821 et
835 1788 1126 1822 Constitutionum
1164 1788 1304 1821 Ordinis
1346 1790 1487 1830 predicti
1524 1792 1556 1821 et
1592 1792 1691 1830 prout
1716 1792 1748 1822 et
1774 1791 2060 1831 quemadmodum

237 1849 365 1881 faciunt
390 1850 444 1882 alii
473 1851 669 1891 profitentes
695 1852 726 1882 in
753 1852 843 1883 dicto
869 1851 1008 1883 Ordine.
1034 1851 1100 1889 Qui
1127 1852 1302 1883 reverendi
1330 1852 1456 1883 domini
1484 1851 1709 1884 Provincialis
1734 1855 1765 1884 et
1796 1852 1900 1891 Prior,
1937 1854 2063 1885 auditis

238 1914 269 1943 et
295 1911 474 1944 intellectis
504 1912 673 1952 predictis,
702 1915 736 1944 ut
761 1922 863 1954 supra
889 1914 1068 1954 expositis,
1095 1923 1153 1954 per
1178 1914 1289 1945 dictos
1316 1914 1521 1946 reverendos
1547 1915 1706 1946 dominos
1731 1914 1865 1946 fratrem
1893 1914 2063 1947 Constan-

239 1974 355 2012 tinum,
397 1973 530 2005 fratrem
558 1974 790 2006 Hieronimum
817 1977 848 2007 et
872 1975 1007 2007 fratrem
1046 1976 1247 2007 Michaelem
1287 1975 1464 2016 Angelum,
1491 1978 1522 2007 et
1549 1977 1634 2017 ipsis
1667 1976 1926 2017 diligentissime
1952 1978 2064 2009 consi-

239 2035 375 2074 deratis,
401 2038 432 2066 et
457 2038 584 2068 attento
622 2037 714 2077 quod
753 2037 904 2069 Ecclesia
941 2047 1124 2078 numquam
1166 2037 1291 2068 claudit
1329 2038 1490 2078 gremium
1529 2038 1784 2069 occurrentibus
1822 2039 1863 2070 ad
1895 2039 1995 2075 illam,
2021 2048 2060 2071 ac

240 2100 365 2129 attenta
404 2098 599 2130 conditione
625 2101 656 2130 et
683 2099 770 2131 bona
809 2099 897 2131 fama
923 2102 954 2130 et
980 2100 1047 2131 vita
1075 2100 1240 2131 dictorum
1279 2099 1428 2130 Fratrum
1466 2098 1693 2137 Constantini,
1733 2100 1916 2132 Hieronimi
1943 2103 1974 2132 et
2000 2101 2064 2132 Mi-

239 2160 367 2191 chaelis
393 2160 525 2201 Angeli,
551 2163 672 2201 sponte
699 2163 731 2192 et
756 2162 915 2193 omnibus
935 2162 1014 2199 iure,
1033 2162 1098 2199 via,
1118 2161 1229 2199 modo,
1247 2161 1365 2199 forma,
1380 2164 1440 2192 etc.
1461 2162 1764 2193 intervenientibus
1790 2162 2063 2203 quibuscumque

241 2222 516 2253 solemnitatibus
535 2224 600 2254 tam
628 2223 710 2254 iuris
737 2232 836 2263 quam
864 2223 942 2255 facti
971 2224 1001 2254 in
1028 2223 1198 2254 similibus
1216 2224 1430 2263 opportunis
1449 2223 1490 2254 de
1509 2232 1677 2254 consensu
1704 2226 1735 2255 et
1761 2224 1934 2255 voluntate
1961 2226 2059 2255 etiam

241 2287 501 2315 reverendorum
540 2284 652 2316 fratris
691 2284 793 2318 Rochi
820 2285 860 2316 de
887 2284 1089 2317 Camairaua
1127 2286 1248 2316 sindici
1287 2285 1427 2325 predicti
1466 2286 1659 2316 monasterii
1697 2288 1812 2317 sancte
1846 2286 2007 2317 Mustiole
2033 2289 2063 2318 et

241 2345 354 2377 fratris
381 2345 560 2386 Augustini
599 2347 639 2378 de
678 2347 844 2387 Viguono,
872 2347 1103 2387 professorum
1131 2348 1160 2378 in
1200 2347 1289 2378 (licto
1315 2345 1454 2384 Ordine,
1482 2347 1604 2377 ibidem
1644 2348 1848 2387 presentium
1875 2350 1906 2379 et
1932 2349 2061 2388 capitu-

242 2408 353 2439 lariter
378 2410 659 2449 congregatorum
698 2418 788 2440 more
826 2409 937 2446 solitoy
964 2411 995 2440 et
1021 2410 1121 2440 dictis
1158 2409 1318 2440 fratribus
1351 2407 1588 2445 Constantino,
1616 2409 1811 2440 Hieronimo
1837 2412 1867 2440 et
1894 2410 2061 2441 Michaele

243 2469 374 2510 Angelo
401 2470 617 2510 presentibus
643 2472 674 2502 et
700 2471 868 2502 humiliter
904 2471 1003 2502 flexis
1033 2471 1178 2511 genibus
1204 2471 1454 2510 requirentibus
1491 2472 1522 2501 ct
1559 2471 1816 2511 acceptantibus
1857 2472 1980 2503 dictum
2010 2473 2067 2504 ha-

243 2531 347 2563 bitum
374 2532 453 2563 dicti
481 2531 621 2564 Ordinis
647 2533 752 2564 sancti
781 2532 972 2573 Augustini,
991 2533 1108 2564 osculo
1127 2533 1221 2573 pacis
1240 2533 1494 2569 interveniente,
1521 2535 1619 2573 prout
1638 2533 1681 2564 ita
1700 2534 1927 2565 exhibuerunt
1942 2536 1972 2565 et
1987 2543 2065 2565 con-

243 2593 390 2624 tulerunt
414 2602 452 2625 ac
479 2594 642 2626 exhibent
667 2596 698 2626 et
722 2594 911 2626 conferunt.
938 2594 1070 2632 Testes,
1096 2596 1158 2626 etc.
1176 2591 1238 2633 (2).

301 2749 331 2773 (li
350 2750 407 2770 Vedi
424 2750 437 2770 il
453 2750 595 2771 documento
610 2750 646 2771 del
661 2751 674 2771 5
689 2756 768 2771 marzo
786 2751 842 2772 1555,
870 2751 899 2771 La
924 2750 1068 2771 distruziouc
1087 2750 1125 2776 poi

249 2793 284 2814 dei
301 2794 408 2814 conventi
425 2800 436 2814 e
452 2794 512 2819 degli
537 2794 612 2815 editici
638 2795 774 2821 suburbani,
800 2795 821 2816 di
837 2796 873 2815 cui
889 2795 907 2815 si
925 2795 945 2815 fa
962 2795 1000 2820 qui
1017 2800 1098 2819 cciiuu,
1114 2800 1126 2815 c

249 2838 290 2859 che
306 2844 351 2858 non
366 2839 425 2859 ebbe
441 2838 479 2864 piu
496 2839 575 2864 luogo,
591 2845 629 2860 era
641 2839 662 2859 in
674 2840 790 2860 relazione
801 2840 821 2860 ai
834 2840 905 2860 lavori
917 2839 939 2859 di
950 2839 1127 2865 fortificationc,

249 2882 291 2903 che
305 2882 379 2903 allora
394 2883 412 2903 si
429 2882 541 2904 facevano
565 2883 657 2904 intorno
677 2884 721 2904 aila
737 2883 801 2905 cittii.
827 2884 898 2905 Come
914 2884 925 2904 e
941 2885 1006 2909 noto,
1031 2884 1129 2909 qualche

250 2931 311 2947 anno
327 2926 400 2952 prima
425 2932 463 2947 era
488 2927 628 2948 cominciata
643 2928 664 2948 la
680 2928 829 2949 costruzione
854 2928 913 2949 delle
929 2933 993 2948 mura
1009 2934 1020 2948 e
1036 2928 1072 2948 dei
1089 2928 1127 2948 ba-

251 2969 326 2991 luardi
341 2971 383 2991 che
399 2971 524 2997 recingono
540 2971 619 2997 pavia.
635 2977 700 2993 corne
716 2972 797 2993 risulta
822 2972 882 2993 dalle
898 2972 1049 2993 convenzioni
1065 2977 1076 2992 e
1092 2971 1129 2992 dai

249 3014 370 3040 contratti,
386 3014 423 3035 dal
441 3015 492 3036 1549
506 3015 528 3036 in
544 3015 591 3041 poi,
606 3015 640 3037 fra
655 3016 676 3037 le
691 3018 755 3037 carte
777 3016 814 3037 dei
837 3016 899 3037 notai
916 3015 1048 3037 Guiscardo
1063 3015 1129 3037 eam-

1182 2751 1248 2776 ‚moggi
1265 2756 1276 2771 c
1294 2750 1443 2771 Bartolouico
1460 2751 1563 2771 sselbcllo
1579 2751 1749 2772 ucll'Arcluvio
1765 2752 1863 2772 notarile
1875 2758 1970 2777 pavcscv
1987 2752 2063 2773 l'u'al-

1182 2796 1216 2815 tra
1233 2795 1327 2819 ragione
1343 2795 1440 2820 pertale
1452 2795 1615 2816 distruziouee
1625 2796 1653 2816 da
1663 2796 1782 2816 ricercarsi
1798 2796 1833 2816 nei
1850 2797 1925 2817 timori
1938 2797 1959 2816 ui
1971 2802 2062 2821 guerra,

1183 2839 1264 2860 com'e
1280 2839 1346 2859 detto
1362 2840 1550 2864 espressamcnte
1566 2840 1601 2860 nel
1618 2839 1758 2860 documento
1774 2840 1810 2861 dcl
1829 2841 1888 2861 18-20
1902 2840 1974 2866 aprile
1993 2841 2048 2861 1555,

1241 2884 1271 2904 ¹21
1290 2883 1358 2904 Sotto
1374 2883 1394 2903 la
1410 2883 1465 2904 data
1480 2883 1541 2909 degli
1555 2884 1569 2904 8
1583 2884 1682 2909 germaio
1700 2885 1884 2910 1555,ir0v1';uno
1900 2885 2063 2905 nell'Archivio

1181 2927 1241 2948 della
1258 2927 1327 2948 Curia
1343 2927 1460 2948 vcscovile
1472 2927 1493 2948 di
1505 2927 1584 2952 Pavia,
1599 2928 1689 2953 chiese,
1706 2928 1787 2949 Monte
1803 2928 1937 2953 Oliveto,1a
1950 2930 2062 2953 seguentc

1185 2971 1357 2992 dichiarazione
1372 2971 1408 2992 del
1425 2971 1580 2993 Procuratore
1595 2971 1617 2992 di
1634 2972 1657 2993 S.
1673 2972 1801 2993 Mostiola:

1238 3016 1261 3037 lo
1276 3015 1335 3036 frate
1352 3015 1430 3037 Rocho
1445 3015 1535 3037 sindico
1550 3017 1573 3037 et
1589 3019 1742 3042 procuratore
1757 3016 1793 3037 del
1809 3018 1924 3037 convento
1944 3017 1966 3037 di
1982 3017 2063 3037 sancta
