2305 3407
1949 172 2010 205 165

283 306 344 338 Die
375 307 412 339 13
438 306 530 344 lunii,
558 307 588 338 in
615 307 779 347 vesperis.

281 367 479 401 Convocato
505 369 662 406 consilio,
689 371 752 400 etc.

281 430 357 462 ltem
384 432 482 462 certis
510 431 609 462 bonis
635 431 846 471 respectibus
872 432 1030 462 ordinant
1055 431 1146 471 quod
1174 431 1425 471 suspendantur
1452 431 1556 462 littere
1594 430 1756 461 directive
1783 430 2012 461 lllustrissimo

192 495 223 523 et
250 492 433 524 Excell.mo
461 493 543 524 Duci
572 493 758 524 Mediolani
786 503 845 533 pro
871 493 1031 524 fratribus
1057 494 1164 525 sancti
1205 492 1309 529 Pauli,
1336 501 1374 524 ac
1400 502 1441 523 ex
1470 501 1556 523 nunc
1582 500 1639 522 eas
1666 492 1879 531 suspendunt
1905 495 1935 524 et
1961 502 2013 523 or-

193 554 309 585 dinant
335 556 426 594 quod
454 555 573 595 prefati
601 556 726 586 domiui
754 555 916 591 Abliates
944 564 1007 586 una
1034 564 1108 586 cum
1136 555 1265 595 prefato
1291 555 1428 585 domino
1454 553 1590 586 Gentilli
1616 552 1674 593 (de
1703 553 1882 591 Becharia)
1908 556 1938 586 et
1966 554 2014 585 lo-

195 616 302 647 lranne
330 617 370 647 de
398 616 555 657 l'igaciis,
582 618 716 648 studere
741 617 886 648 debeant
913 618 1194 658 compositionem
1215 618 1296 648 inter
1316 616 1465 657 prefatos
1483 617 1640 648 dominos
1655 617 1774 649 fratres
1792 618 1897 648 sancti
1919 616 2011 648 Pauli

193 680 224 709 et
250 678 408 710 dominos
435 679 552 710 fratres
579 682 694 710 sancte
722 679 905 716 Mustiolle,
932 682 963 711 et
989 689 1070 711 casu
1098 689 1164 719 quo
1192 680 1286 710 locus
1326 680 1570 719 composicioni
1599 689 1664 710 non
1691 680 1744 716 sit,
1771 682 1847 711 tunc
1874 688 2010 710 causam

194 740 301 780 ipsam
328 742 503 773 comittant
530 742 788 782 principallibus
815 742 1018 782 prefatorum
1046 742 1257 773 dominorum
1284 741 1432 773 fratrum.

926 943 1279 983 DCCCXLIII.

282 1050 307 1077 Il
335 1050 498 1086 Capitolo
524 1051 557 1078 di
585 1051 617 1082 S,
645 1051 756 1079 Paolo
783 1052 900 1080 riceve
927 1061 970 1079 un
996 1056 1207 1088 pagamento
1232 1061 1294 1088 per
1319 1052 1434 1080 affitti.

778 1147 902 1171 1331
914 1162 927 1177 2,
960 1148 1284 1172 sette1111)re
1295 1162 1309 1178 9
1342 1149 1415 1171 22
1428 1162 1439 1172 .

775 1235 852 1255 *Aren
870 1235 950 1256 Notar.
966 1235 987 1255 di
1006 1235 1075 1255 Pavia
1092 1246 1115 1248 ξ
1132 1235 1179 1256 Atti
1196 1235 1217 1256 di
1235 1235 1313 1256 Nicola
1330 1235 1439 1259 Aicardi).

264 1405 382 1521 A
438 1440 439 1458 1
467 1429 535 1463 Son
560 1430 679 1462 Paolo.
704 1431 882 1465 Radunato
907 1432 930 1463 il
956 1431 1119 1472 capitolo,
1157 1432 1198 1463 de
1236 1433 1429 1464 mandato...
1466 1433 1592 1464 domini
1630 1433 1740 1465 fratris
1766 1432 1950 1466 Clementis
1976 1433 2016 1464 de

437 1475 439 1523 s
467 1494 664 1525 Mediolano
692 1493 838 1526 Prioris:
864 1494 917 1526 nel
940 1495 1022 1534 qual
1044 1495 1188 1535 capitolo
1214 1496 1398 1527 trovaronsi
1414 1504 1474 1527 con
1489 1495 1536 1527 lui
1548 1495 1648 1526 frater
1674 1495 1841 1527 Pacificus
1868 1496 1908 1526 de
1934 1494 2018 1527 Gar-

223 1592 226 1593 7
466 1557 557 1589 lasco
584 1558 730 1589 vicarius
755 1559 786 1589 et
811 1557 910 1588 frater
936 1557 978 1588 lo.
1005 1556 1173 1589 Antonius
1198 1558 1239 1589 de
1266 1556 1441 1590 Sezadio...
1468 1557 1661 1590 facientes...
1688 1557 1756 1590 fere
1782 1560 1886 1589 totum
1913 1560 1944 1589 et
1971 1559 2019 1589 in-

194 1612 322 1651 tegrum
348 1609 577 1651 Capitulum...
617 1612 744 1642 attento
785 1611 931 1642 maxime
973 1611 1064 1651 quod
1091 1611 1134 1642 ob
1160 1611 1406 1652 disruptionem
1432 1613 1464 1643 et
1489 1620 1628 1652 ruynam
1672 1611 1911 1643 hediffitiorum
1938 1611 2016 1642 dicti

195 1674 387 1705 monasterii
413 1676 444 1705 et
471 1673 587 1711 malas,
613 1683 691 1714 ymo
718 1674 898 1714 pessimam,
924 1675 1111 1713 temporum
1137 1674 1362 1712 conditiones,
1388 1675 1564 1706 retroactis
1589 1675 1697 1708 annis,
1723 1674 1768 1705 ob
1783 1673 1946 1705 bellorum
1965 1674 2015 1704 di-

194 1736 352 1767 scrimina
378 1744 530 1773 occursa,
557 1736 679 1767 domus
705 1738 736 1767 et
762 1736 912 1767 nedifitia
939 1736 1018 1767 dicti
1046 1736 1240 1767 monasterii
1267 1736 1418 1777 dirrupta
1444 1738 1522 1768 sunt
1547 1738 1577 1768 et
1604 1736 1761 1768 videlicet
1780 1736 1923 1768 ecclesia
1943 1736 2016 1776 ipsa

196 1800 352 1838 superest
378 1807 453 1829 curn
481 1798 668 1839 parietibus
708 1799 859 1839 ipsorum
887 1798 1154 1830 liedificiorum...
1182 1799 1327 1839 ideoque
1353 1801 1497 1839 quatuor
1522 1799 1613 1840 apud
1641 1799 1751 1839 ipsum
1778 1799 2018 1830 monasterium

194 1860 315 1892 fratres
340 1862 468 1892 tantum
495 1861 674 1899 ressident‚
700 1861 893 1892 dichiarano
918 1861 953 1892 cli
976 1861 1113 1892 ricevere
1138 1861 1196 1892 dal
1219 1860 1389 1892 causidico
1417 1860 1584 1893 Giovanm'
1618 1860 1763 1901 Pigazzi
1782 1861 1881 1901 pleno
1910 1869 2019 1901 paga-

195 1925 302 1954 mento
327 1923 417 1963 degli
440 1922 541 1963 affittl
564 1924 714 1955 arretrati
733 1932 795 1964 per
816 1923 846 1955 le
871 1925 950 1955 terre
976 1932 996 1954 α
1021 1923 1068 1955 lui
1087 1923 1147 1963 gio
1173 1923 1249 1955 date
1274 1924 1306 1955 ist
1332 1923 1532 1955 investimur.

930 2123 1284 2164 DCCCXLIV.

286 2231 313 2259 11
340 2231 501 2268 Capitolo
527 2232 560 2260 di
588 2232 621 2263 S.
648 2232 817 2268 Agostino
843 2232 956 2260 vende
981 2241 1049 2260 una
1075 2232 1180 2268 vigna
1207 2232 1241 2261 in
1268 2233 1457 2261 Stradella.

808 2327 970 2358 1632,
1002 2328 1287 2359 ge11113109
1319 2328 1409 2352 26.

715 2415 792 2436 rArcu,
810 2415 889 2435 Notar.
907 2415 928 2435 di
946 2415 1016 2436 pavia
1034 2426 1055 2428 ᾈ
1073 2416 1119 2436 Atti
1136 2415 1157 2436 di
1173 2416 1231 2437 Gian
1249 2416 1362 2440 Agnstino
1379 2415 1483 2441 Prcgalia
1502 2434 1505 2436 ,

277 2598 377 2714 R
444 2616 627 2644 ADUNATO
652 2612 676 2643 il
699 2612 842 2652 capitolo
868 2612 903 2643 di
926 2611 959 2644 S.
985 2611 1147 2651 Agostino
1168 2620 1229 2652 per
1250 2612 1362 2643 orclirze
1387 2612 1440 2643 del
1464 2611 1574 2643 Prlore
1599 2612 1726 2643 domini
1754 2613 1903 2653 magistri
1925 2611 2011 2643 Petri

466 2675 505 2706 de
531 2673 672 2713 Canem,
699 2675 730 2706 in
757 2684 824 2715 quo
852 2675 988 2715 quidem
1015 2674 1163 2715 capitulo
1189 2676 1280 2706 erant
1306 2683 1379 2705 cum
1406 2683 1479 2705 eo...
1506 2674 1655 2714 magistri
1683 2674 1782 2705 frater
1807 2673 1943 2706 Gabriel
1971 2675 2011 2705 de

465 2736 581 2778 Papia,
607 2737 706 2768 frater
731 2737 899 2768 Martinus
924 2737 964 2768 de
991 2736 1143 2773 Trivili0‚
1171 2736 1270 2767 frater
1295 2735 1534 2776 Sigismondus
1560 2736 1600 2766 de
1626 2735 1769 2766 Trivilio
1796 2744 1925 2766 necnon
1953 2735 2012 2766 do-

196 2799 273 2830 mini
301 2798 400 2831 frater
426 2799 628 2831 Fortunatus
655 2800 695 2831 de
721 2798 853 2832 Cerano
895 2800 1008 2837 lector,
1050 2798 1149 2830 frater
1189 2797 1398 2838 Serapliinus
1424 2798 1464 2829 de
1491 2800 1609 2829 sancto
1650 2796 1789 2837 Angelo.
1832 2797 1930 2828 frater
1968 2797 2010 2827 lo.

196 2860 303 2893 Maria
329 2862 370 2893 de
397 2861 604 2901 Mediolano,
630 2862 731 2894 frater
757 2861 967 2894 Cristoforus
992 2862 1033 2893 de
1060 2860 1176 2901 Papia,
1203 2861 1303 2892 frater
1329 2860 1528 2892 Laurentius
1554 2859 1747 2897 Brambilla,
1766 2859 1866 2890 frater
1892 2859 2010 2890 Nicola

196 2923 237 2955 de
263 2923 375 2962 Lenta,
401 2923 503 2956 frater
529 2924 670 2956 lacobus
706 2925 747 2956 de
784 2926 902 2956 sancto
940 2924 1081 2955 Nazario
1107 2926 1138 2954 et
1164 2923 1262 2954 frater
1299 2922 1479 2953 Tiburzius
1515 2922 1556 2953 de
1594 2921 1823 2953 Mediolano...
1850 2920 2010 2951 facientes

197 2985 293 3025 quasi
319 2988 424 3017 totum
450 2988 481 3018 et
508 2987 672 3028 integrum
698 2986 894 3027 capitulum.
922 2986 948 3017 ll
972 2985 1083 3017 Priore
1108 2993 1228 3025 &spone
1253 2984 1282 3015 le
1307 2984 1391 3015 tristi
1413 2983 1603 3015 condizioni
1637 2983 1691 3014 ciel
1728 2984 1924 3016 monastero.
1951 2982 2009 3012 elle

195 3055 258 3078 non
279 3047 347 3087 ρυὸ
372 3048 496 3088 est'gere
519 3047 569 3088 gli
592 3047 693 3089 affitti
712 3057 774 3088 per
795 3048 824 3079 Ie
846 3056 962 3088 guerre
998 3047 1056 3078 che
1092 3047 1312 3078 devaslorono
1338 3045 1361 3077 il
1385 3045 1526 3077 contario
1552 3054 1568 3076 e
1590 3053 1736 3085 propone
1761 3043 1793 3075 [ιι
1820 3043 1949 3075 vendita
1975 3043 2009 3073 di
