2305 3407
1985 161 2049 206 ‚141

253 300 442 331 remitarum
468 300 642 330 teneantur
666 300 697 329 et
723 298 767 329 ita
793 297 989 338 promittunt
1015 295 1153 336 prefatis
1179 295 1325 327 dominis
1363 293 1541 335 preposito
1567 296 1599 325 et
1624 292 1807 326 Canonicis
1844 295 2057 335 presentibus

253 364 285 393 et
309 361 561 401 stipulantibus,
586 361 628 391 ad
654 360 907 400 requisitionem
935 358 1139 399 prefatorum
1167 358 1378 389 dominorum
1416 356 1582 397 prepositi
1609 359 1639 387 et
1666 354 1913 404 Canonicorum
1941 357 2057 397 prelati

254 423 445 455 monasterii
472 423 577 454 sancti
604 421 691 454 Petri
719 422 749 453 in
776 421 848 453 celo
873 430 987 458 aure0,
1028 420 1212 451 concedere
1255 419 1393 460 prefatis
1433 419 1580 450 dominis
1618 418 1798 459 Preposito
1823 421 1853 449 et
1879 417 2062 466 Canonicis

256 486 405 526 predicta
430 487 634 526 paramenta,
674 485 818 524 excepto
858 483 985 523 piviali,
1011 483 1041 513 in
1069 483 1254 523 maioribus
1294 481 1488 522 duplicibus
1515 480 1672 512 videlicet
1699 481 1729 511 in
1756 480 1878 512 diebus
1904 481 1935 511 in
1963 480 2062 512 infra>

253 549 378 589 scripta
404 548 479 579 lista
504 546 696 586 descriptis,
721 546 817 577 cuius
844 545 979 585 quidem
1008 545 1082 576 liste
1108 547 1202 576 tenor
1220 544 1297 575 talis
1315 546 1376 581 est,
1395 543 1572 574 videlieet:
1598 542 1767 574 Nativitas
1793 541 1937 578 Domini,
1957 544 2061 574 sancti

255 609 426 651 Stephani,
452 609 557 641 sancti
584 608 741 639 lohannis
766 607 985 648 evangeliste,
1012 605 1234 639 Circumcisio
1260 605 1405 642 Domini,
1425 605 1625 645 Epiphania,
1644 603 1891 635 pnrificationis
1917 604 2063 644 Virginis

257 673 395 709 Mariae,
422 673 452 703 in
479 671 626 703 secunda
652 670 872 702 translatione
899 669 1077 710 Augustini
1117 668 1225 700 Patris
1266 668 1381 704 nostri,
1420 667 1638 699 Annuntiatio
1665 667 1812 707 Virginis
1839 667 1957 704 Marie,
1983 666 2063 698 feria

256 735 371 775 quinta
398 734 428 765 in
455 742 536 765 cena
562 732 708 769 Domini,
735 733 766 763 in
794 732 912 763 sabato
939 734 1066 769 sancto,
1094 730 1305 764 Resurrectio
1331 728 1467 760 Domini
1494 738 1567 760 cum
1594 729 1729 760 duobus
1755 728 1887 766 diebus,
1903 728 2066 760 Ascensio

256 796 401 833 Domini,
427 795 645 827 Pentecostes
670 804 743 826 cum
771 795 906 826 duobus
931 794 1063 831 diebus,
1088 793 1210 825 festum
1230 792 1423 829 Trinitatis,
1449 790 1583 831 Corpus
1610 790 1755 829 Domini,
1774 791 1879 822 sancti
1910 790 2067 822 lobannis

256 858 416 899 Baptiste,
443 857 547 889 sancti
576 856 674 894 Petri,
700 857 806 888 sancti
834 856 1013 893 Laurentii,
1040 855 1238 895 Assumptio
1264 854 1411 895 Virginis
1438 853 1767 891 Marie,Nativitatis
1787 852 1933 893 Virginis
1953 851 2068 887 Marie,

256 920 376 951 festum
402 918 560 951 Omnium
587 917 797 956 Sanctorum,
823 918 944 950 festum
971 917 1195 949 dedicationis
1236 917 1375 948 basilice
1401 914 1598 953 Salvatoris,
1628 915 1750 947 festum
1777 915 1883 946 sancti
1910 914 2063 946 Nicholai

255 983 296 1013 de
322 981 513 1019 TolentinO,
539 981 662 1013 festum
699 981 806 1012 sancti
849 980 1021 1012 Bernardi.
1059 979 1170 1011 Frater
1196 978 1333 1011 Gabriel
1372 977 1466 1009 Prior
1503 987 1602 1009 manu
1629 978 1786 1018 propria:
1814 976 1852 1008 Et
1877 986 1916 1008 eo
1943 976 2069 1008 scilicet

256 1048 406 1086 tempore
432 1053 499 1084 quo
526 1044 643 1084 prefati
670 1043 797 1075 domini
825 1042 1023 1083 prepositus
1048 1044 1078 1074 et
1104 1040 1270 1074 Canonici
1296 1042 1373 1072 sunt
1399 1040 1631 1072 ebdomadarii
1659 1040 1689 1071 in
1716 1039 1897 1071 officiando
1924 1040 1955 1070 in
1981 1039 2068 1070 dicta

253 1108 408 1145 ecclesia,
434 1110 465 1138 et
491 1107 663 1148 presertim
691 1107 721 1137 in
748 1106 802 1137 die
829 1106 934 1137 sancti
974 1104 1072 1142 Petri,
1099 1113 1165 1145 qua
1191 1104 1244 1135 die
1269 1106 1299 1135 et
1325 1103 1442 1144 prefati
1481 1103 1607 1134 domini
1647 1101 1741 1133 Prior
1765 1104 1797 1133 et
1823 1101 1942 1133 fratres
1979 1103 2070 1133 tene-

255 1173 362 1209 antur,
388 1173 419 1202 et
445 1170 642 1211 promittunt
668 1172 701 1200 ut
727 1178 841 1209 supra,
866 1169 907 1200 ad
934 1168 1188 1200 concessionem
1226 1166 1305 1197 dicti
1344 1165 1496 1202 Pivialis,
1521 1167 1552 1196 et
1579 1165 1641 1196 hoc
1668 1165 1699 1195 in
1725 1164 1964 1195 cellebratione
1991 1164 2069 1194 mis—

257 1242 368 1265 sarum
394 1235 425 1264 et
451 1241 668 1273 vesperarum
695 1232 726 1262 in
753 1232 841 1262 dicta
866 1231 1022 1267 ecclesia,
1048 1232 1079 1261 et
1104 1229 1226 1261 deinde
1252 1228 1443 1260 cellebratis
1483 1227 1582 1259 dictis
1623 1226 1738 1258 missis
1763 1228 1794 1257 et
1820 1226 1973 1267 vesperis
1998 1234 2072 1266 pre-

256 1295 313 1327 fati
341 1295 468 1326 domini
496 1294 695 1334 Prepositus
720 1295 751 1325 et
777 1292 940 1325 Canonici
968 1293 1042 1332 ipsa
1070 1293 1265 1332 paramenta
1291 1292 1465 1321 teneantur
1490 1291 1520 1320 et
1547 1289 1744 1329 promittunt
1781 1288 1998 1319 incontinenti
2025 1297 2073 1319 re—

258 1358 395 1389 stituere
421 1360 452 1388 et
477 1357 714 1397 reconsignare
753 1355 892 1396 prefatis
929 1355 1077 1386 dominis
1114 1353 1220 1385 priori
1247 1355 1279 1384 et
1304 1353 1463 1384 fratribus
1489 1352 1553 1383 sub
1580 1360 1665 1392 pena
1703 1351 1916 1382 denariorum
1951 1351 2075 1382 ducen-

258 1423 365 1452 torum
392 1419 634 1451 solvendorum
676 1419 749 1450 loco
789 1418 1012 1458 dampnorum
1054 1416 1173 1457 prefati
1214 1417 1402 1447 conventus
1443 1415 1547 1446 sancti
1590 1413 1782 1455 Augustini,
1809 1414 1894 1454 ipsis
1926 1414 2073 1444 dorninis

260 1481 365 1514 Priori
391 1484 423 1514 et
448 1481 606 1513 fratribus
633 1490 689 1522 per
715 1480 864 1521 prefatos
901 1480 1058 1511 dominos
1084 1478 1298 1519 Prepositum
1325 1480 1355 1509 et
1380 1476 1574 1509 Canonicos
1601 1477 1631 1507 in
1658 1485 1738 1507 casu
1775 1476 2074 1510 contraventionis,

260 1548 328 1577 rata
354 1548 464 1577 tamen
490 1547 521 1576 et
546 1545 639 1575 firma
680 1545 834 1575 manente
875 1543 963 1574 dicta
1004 1542 1230 1582 promissione
1256 1543 1286 1572 et
1312 1540 1519 1580 obligatione
1545 1539 1742 1571 restituendi
1780 1540 1811 1569 et
1846 1539 2068 1579 consignandi

261 1608 349 1640 dicta
375 1610 569 1648 paramenta
596 1609 630 1638 ut
655 1615 769 1647 supra.
795 1605 890 1644 Quas
916 1605 1052 1645 quidem
1078 1604 1335 1641 transactiones,
1361 1604 1392 1634 et
1418 1611 1482 1642 que
1510 1602 1645 1642 quidem
1665 1601 1776 1632 omnia
1802 1602 1833 1632 et
1859 1600 1992 1641 singula
2011 1602 2071 1632 etc.

258 1670 428 1711 simulque
453 1669 624 1701 credendo
650 1669 721 1700 sine
748 1668 825 1699 inde
850 1670 912 1699 etc.
938 1666 1124 1708 obligando
1151 1666 1227 1697 hinc
1254 1666 1330 1697 inde
1356 1667 1417 1696 etc.
1444 1667 1504 1696 etc.

349 1732 569 1764 presentibus
595 1731 771 1772 spectabili
799 1730 818 1762 l.
847 1730 885 1763 U.
912 1731 1049 1762 doctore
1075 1729 1212 1760 domino
1239 1728 1373 1759 Boscho
1400 1728 1440 1759 de
1467 1726 1613 1765 Codeca,
1639 1727 1707 1757 filio
1749 1726 1919 1766 quondam
1946 1726 2069 1766 egregii

261 1796 424 1827 causidici
452 1795 626 1835 papiensis
651 1795 777 1826 domini
805 1793 963 1832 Antonii;
990 1793 1127 1824 domino
1155 1791 1301 1823 Antonio
1327 1791 1367 1822 de
1394 1790 1630 1827 preotonibus,
1655 1789 1724 1820 tilio
1749 1789 1920 1829 quondam
1946 1789 2069 1829 egregii

262 1858 424 1889 causidici
452 1857 627 1898 papiensis
652 1857 779 1888 domini
806 1856 964 1888 lobannis
991 1855 1181 1897 Augustini,
1207 1856 1239 1886 et
1265 1852 1375 1886 Sirino
1402 1854 1442 1884 de
1470 1852 1612 1884 Astariis
1645 1852 1714 1883 filio
1740 1852 1911 1892 quondam
1948 1851 2073 1881 domini

263 1919 421 1951 Iohannis
447 1919 618 1956 Bernardi,
645 1919 721 1950 inde
747 1918 891 1950 testibus
918 1918 1121 1958 subscriptis
1146 1926 1220 1949 cum
1247 1916 1392 1948 manuali
1420 1916 1517 1956 signo
1551 1915 1790 1946 tabellionatus
1827 1914 1997 1954 apposito,
2024 1913 2075 1944 hic

265 1990 344 2013 vero
370 1982 509 2013 omisso.

352 2043 422 2083 Ego
450 2043 664 2074 Hieronimus
690 2043 730 2074 de
758 2042 873 2076 Raude
914 2043 1003 2074 filius
1045 2043 1216 2082 quondam
1258 2042 1385 2073 domini
1423 2039 1593 2072 Gabrielis
1630 2040 1788 2080 publicus
1814 2038 1990 2079 papiensis
2015 2040 2074 2069 etc.

266 2106 414 2137 notarius
440 2105 707 2145 suprascriptum
734 2105 989 2136 instrumentum
1015 2107 1078 2136 etc.
1105 2104 1144 2135 de
1171 2104 1347 2135 breviariis
1374 2103 1532 2134 Iohannis
1551 2102 1720 2133 Francisci
1739 2102 1779 2133 de
1800 2100 1929 2132 Porciis
1956 2100 2074 2131 notarii

264 2169 324 2199 etc.
351 2168 482 2199 extraxi
508 2170 538 2199 et
564 2167 752 2207 subscripsi
779 2167 842 2198 sub
868 2175 956 2197 anno
983 2167 1109 2197 domini
1140 2166 1232 2203 1539,
1259 2166 1420 2196 inditione
1455 2165 1666 2202 duodecima,
1692 2164 1745 2195 die
1772 2164 1902 2194 decitno
1930 2163 2075 2197 ceptimo

268 2231 394 2261 mensis
420 2230 624 2261 novembris

1016 2375 1326 2416 DCCCXIII.

354 2486 596 2523 Disposizioni
621 2486 887 2514 testamentarie
914 2485 947 2513 di
974 2484 1193 2513 Bernardino
1220 2484 1389 2513 Beccaria
1416 2493 1435 2511 a
1462 2484 1581 2512 favore
1608 2483 1640 2511 di
1661 2485 1694 2514 S.
1722 2484 1843 2512 Paolo.

824 2609 961 2632 1525
973 2623 985 2639 ‚
1018 2608 1341 2632 settesnbre
1352 2622 1365 2638 9
1399 2607 1459 2631 16
1470 2621 1482 2631 .

804 2706 870 2726 ,Λα-11
898 2706 968 2725 Notat
994 2706 1014 2725 di
1033 2705 1100 2725 l'aviai
1128 2716 1142 2717 ἶ
1167 2705 1209 2725 Atti
1227 2705 1247 2724 di
1264 2704 1321 2725 oran
1339 2705 1438 2724 lucinum
1454 2704 1515 2725 Sola*

284 2905 286 2909 ’
335 2892 453 3007 N
506 2898 603 2935 'ELLA
628 2913 707 2936 casa
732 2904 785 2936 del
813 2904 989 2941 Testatore,
1014 2904 1045 2934 in
1071 2902 1269 2933 Parroccln'a
1294 2902 1328 2933 u'i
1352 2901 1383 2934 S.
1410 2901 1627 2934 Secondiatzo.
1651 2902 1857 2933 Testamcnto
1883 2902 1916 2932 di
1942 2901 2076 2932 anzr—

284 2956 286 3014 l
507 2980 508 2987 1
535 2967 612 2998 dino
638 2966 807 3004 Βηθανία,
833 2965 886 2997 ciel
903 2965 944 3005 fu
970 2964 1086 3002 ΡαοΙο,
1112 2964 1164 2995 nel
1186 2964 1283 3003 quale
1308 2965 1445 3005 dispone
1470 2965 1527 2996 elie
1552 2965 1574 2996 il
1598 2974 1658 2996 suo
1683 2965 1828 2996 cadaver
1858 2973 1927 3003 sep·
1945 2964 1991 2993 liri
2020 2963 2075 2993 de—

451 3064 479 3065 ff
507 3037 509 3057 l
537 3029 612 3060 beat
638 3030 669 3060 in
696 3028 851 3069 sepulcro
878 3029 986 3068 ipsius
1027 3028 1152 3058 domini
1195 3027 1365 3058 testatoris
1390 3029 1420 3058 et
1446 3027 1523 3057 olim
1552 3027 1686 3058 fratrum
1714 3035 1849 3057 suorum
1878 3026 1941 3056 sito
1969 3026 1997 3055 in
2025 3034 2075 3055 cc-
