2305 3407
1792 202 1907 229 ΧΧΧΙΙΙ

95 336 180 366 etc...
205 334 246 366 ad
267 342 353 374 quos
380 335 557 374 presentes
576 334 710 364 nostras
729 332 857 364 litteras
876 332 1089 372 pervenerint
1107 331 1249 362 salutem
1269 331 1299 361 in
1328 329 1474 361 Domino
1499 333 1529 361 et
1548 331 1672 362 nostris
1698 331 1914 367 liiuiusmodi,

97 406 198 436 immo
225 405 347 441 verius,
373 404 572 445 apostolicis
597 404 734 435 firmiter
758 404 896 435 obedire
925 402 1102 434 mandatis.
1121 401 1291 432 Noveritis
1317 401 1407 441 quod
1435 401 1488 432 die
1508 401 1720 441 infrascripta
1746 411 1806 442 pro
1825 404 1917 442 parte

97 476 301 508 venerabilis
336 474 460 507 Prioris
495 474 718 506 Provincialis
745 475 967 506 Lombardiae
993 483 1031 505 ac
1058 473 1182 504 Prioris
1209 475 1239 504 et
1267 472 1414 503 Fratrum
1440 481 1478 504 ac
1504 475 1692 504 conventus
1723 473 1916 504 monasterii

97 549 234 579 sanctae
261 547 456 579 Mustiollae
481 546 627 578 civitatis
654 547 788 586 papien.
815 545 954 578 Ordinis
980 545 1214 577 heremitarum
1242 545 1347 575 sancti
1376 544 1564 583 Augustini,
1592 544 1632 575 ad
1660 545 1848 576 docendum
1872 553 1920 579 se.

100 627 119 650 a
145 618 245 658 longo
271 620 420 659 tempore
446 618 527 649 citra
552 618 649 649 cuius
675 618 833 648 memoria
853 618 1024 648 hominum
1053 617 1083 647 in
1117 616 1318 647 contrarium
1347 624 1411 646 non
1438 616 1563 652 existit,
1589 615 1696 647 fuisse
1722 618 1752 647 et
1785 624 1861 647 esse
1887 616 1919 646 in

101 689 178 720 dicti
206 689 398 720 monasterii
426 689 615 728 iuriumque
641 690 671 719 et
698 688 921 719 membrorum
949 688 1100 719 eiusdem
1127 687 1265 727 pacifica
1291 690 1321 717 et
1346 687 1458 726 quieta
1487 687 1721 726 possessione,
1739 695 1861 717 coram.
1882 685 1917 719 R.

102 759 240 790 domino
265 757 469 791 Sebastiano
496 759 616 790 Vantio
643 762 758 791 nostro
785 761 815 790 in
835 759 994 791 civilibus
1019 759 1132 790 causis
1152 758 1318 789 locumten
1345 760 1408 794 nte,
1428 757 1573 787 inductis
1593 757 1761 787 nonnullis
1779 757 1922 788 testibus

103 835 284 875 fidedignis
310 833 443 872 illisque
470 832 585 863 iuratis
611 834 641 862 et
667 832 844 872 diligenter
869 831 1082 871 interrogatis
1107 832 1138 861 et
1163 829 1367 861 examinatis
1400 837 1584 868 eorumque
1614 828 1713 859 dietis
1738 828 1925 868 depositio-

102 905 204 937 nibus
228 907 259 936 et
284 903 558 936 attestationibus
586 912 644 943 per
669 903 833 934 notarium
861 904 1010 933 nostrum
1038 901 1287 941 infrascriptum
1316 902 1345 931 in
1366 901 1501 940 scriptis
1526 900 1668 931 fideliter
1693 900 1846 937 redactis,
1864 899 1925 930 fuit

103 986 162 1017 per
180 975 414 1009 Reverendum
433 977 561 1015 patrem
581 974 713 1005 fratrem
733 973 918 1005 Fabianum
937 972 1155 1006 Clavarinum
1175 974 1425 1013 procuratorem
1445 970 1641 1003 Generalem
1662 972 1764 1003 totius
1783 970 1922 1003 Ordinis

106 1047 348 1079 l-leremitarum
384 1047 488 1077 sancti
526 1045 703 1086 Augustini
738 1046 850 1076 debita
876 1054 950 1076 cum
978 1045 1134 1076 instantia
1171 1045 1367 1084 requisitum
1402 1045 1569 1083 quatenus
1595 1043 1702 1074 dictos
1733 1042 1866 1074 Priores
1895 1045 1927 1074 et

409 2388 561 2409 Decoraziuni
578 2388 636 2409 nella
653 2388 715 2408 volta
731 2387 790 2408 della
807 2389 890 2408 navata
906 2387 1000 2407 sinistra
1016 2387 1037 2407 di
1054 2386 1076 2407 S,
1094 2387 1207 2411 Ago-<tino
1223 2386 1334 2407 (secontia
1351 2388 1412 2406 melu
1428 2386 1466 2406 dc!
1481 2386 1559 2406 secolo
1575 2386 1630 2406 XV!
1645 2403 1648 2406 ,

113 2515 245 2547 Fratres
262 2524 301 2547 ac
319 2518 508 2547 conventus
526 2515 606 2546 dicti
633 2515 825 2546 monasterii
852 2516 883 2545 et
909 2513 1115 2554 Religionem
1139 2513 1321 2554 predictam
1349 2513 1379 2544 in
1400 2513 1620 2553 posszssione
1639 2513 1715 2544 dicti
1736 2512 1930 2544 monasterii

113 2588 230 2619 sancte
255 2586 429 2618 Mustiolle
455 2587 643 2626 iuriumque
669 2588 700 2618 et
725 2586 948 2617 membrorum
975 2585 1139 2623 eiusdem,
1166 2585 1197 2615 in
1223 2593 1289 2624 qua
1315 2585 1494 2616 extiterunt
1519 2586 1550 2615 et
1575 2585 1734 2622 existunt,
1753 2583 1931 2621 fructuum,

113 2658 302 2690 reddituum
327 2660 359 2690 et
385 2660 607 2699 proventuum
633 2666 672 2689 ac
698 2657 999 2688 emolumentorum
1026 2657 1177 2688 eiusdem
1212 2656 1430 2696 perceptione
1456 2658 1487 2687 et
1512 2656 1688 2687 exactione
1715 2655 1931 2693 manuteneri,

113 2730 207 2767 tueri,
232 2729 365 2761 defendi
392 2732 423 2761 et
440 2729 633 2761 conservari
652 2731 684 2760 et
708 2729 856 2769 desuper
880 2737 898 2760 a
924 2737 1059 2768 quoque
1079 2737 1144 2759 non
1172 2728 1340 2758 molestari
1368 2730 1399 2758 et
1425 2727 1571 2758 indebite
1602 2727 1797 2767 perturbari,
1816 2726 1931 2757 vexari

113 2802 144 2832 et
157 2801 334 2841 inquietari
354 2801 536 2832 mandaret.
556 2800 682 2832 Idcirco
702 2800 933 2832 locumtenens
952 2798 1110 2839 prefatus,
1130 2799 1181 2830 cui
1201 2807 1259 2839 per
1281 2798 1444 2829 dictorum
1464 2798 1597 2829 testium
1616 2806 1728 2829 coram
1747 2806 1786 2828 eo
1804 2796 1933 2827 exami-

115 2872 265 2903 natorum
291 2872 538 2903 attestationem
557 2874 588 2903 et
617 2871 865 2912 depositionem
884 2871 924 2902 de
954 2871 1174 2911 possessione
1201 2869 1350 2911 predicta
1376 2869 1524 2900 constitit
1552 2870 1582 2899 et
1607 2870 1749 2903 constat,
1766 2867 1932 2898 atendens

113 2942 366 2982 requisitionem
386 2943 579 2974 huiusmodi
598 2942 668 2974 fore
686 2943 808 2974 iustam
834 2944 865 2974 et
894 2942 1012 2973 rationi
1039 2949 1235 2977 consonam,
1253 2942 1283 2971 et
1302 2940 1466 2971 neminem
1486 2948 1546 2970 sua
1568 2939 1787 2979 possessione
1806 2938 1929 2978 privari

114 3014 171 3044 aut
202 3012 269 3044 alio
294 3013 419 3053 quovis
447 3013 548 3045 modo
575 3013 606 3044 in
632 3022 671 3045 ea
704 3013 886 3051 molestari,
919 3012 1104 3054 perturbari
1139 3012 1190 3043 vel
1224 3011 1401 3052 inquietari
1435 3011 1568 3048 debere,
1599 3010 1736 3041 eosdem
1770 3008 1930 3043 Priorem,
