2305 3407
275 177 318 209 26

274 320 347 342 curn
374 320 456 342 eo...
483 310 694 341 venerabiles
731 309 858 340 domini
897 309 1055 349 magister
1093 307 1258 338 lohannes
1284 307 1324 338 de
1350 308 1467 338 sancto
1505 305 1645 347 AngelO,
1675 307 1834 347 magister
1859 305 2091 340 Bertolameus

273 374 314 405 de
340 371 525 406 Castelatio
551 374 747 412 procurator
771 372 848 403 dicti
877 371 1081 407 monasterii,
1108 370 1266 410 magister
1291 367 1427 400 Gabriel
1445 369 1487 400 de
1506 367 1622 409 Papia,
1649 369 1808 410 magister
1834 368 1952 401 Petrus
1970 369 2011 401 de
2028 367 2094 402 Ca-

275 440 448 472 stronovo,
487 435 644 475 magister
682 433 854 475 Benignus
891 433 932 464 de
969 431 1082 472 Carpo
1120 439 1240 471 regens
1265 431 1306 462 de
1332 431 1456 469 studio,
1495 431 1652 472 magister
1674 430 1874 463 'l'liimoteus
1899 431 1941 462 de
1968 431 2091 467 Laude,

273 497 373 529 trater
399 497 583 529 leroniinus
606 497 645 528 de
674 496 773 528 Lenta
801 495 990 531 bacilerius‚
1010 494 1109 525 frater
1129 493 1295 524 lohannes
1314 493 1354 524 de
1373 492 1495 530 Trieto,
1525 493 1626 525 trater
1658 493 1778 525 Nicola
1804 493 1844 524 de
1871 491 2093 533 Fazardis(l)

275 560 428 591 sindicus
455 560 532 590 dicti
560 559 766 595 monasterii,
795 558 891 588 trater
917 555 1164 589 Constantinus
1190 555 1230 586 dc
1257 554 1463 587 Alexandria
1489 555 1656 596 subprior,
1672 555 1771 587 frater
1786 554 1913 587 Paulus
1927 556 1968 587 de
1987 555 2092 596 Papia

276 623 415 654 sacrista
441 619 670 660 (cum-ellam),
696 621 794 652 frater
820 618 1006 660 Gregorius
1031 619 1073 649 de
1099 617 1216 658 Papia,
1243 617 1343 648 frater
1369 617 1528 649 Ansanus
1554 618 1594 649 de
1620 616 1836 659 Codignolta,
1873 617 1973 649 frater
1998 616 2094 650 Guil-

278 685 397 716 lelnius
423 685 464 715 de
490 682 755 718 Silvano‚f1·ater
771 681 938 713 Antonius
963 681 1004 712 de
1031 679 1226 717 CastelatiO,
1253 679 1354 711 frater
1379 679 1670 721 Micliaelangelus
1688 680 1728 711 de
1747 679 1851 720 Papia
1867 677 2093 720 (cancellato),

277 747 375 778 frater
402 746 567 778 loliannes
593 745 761 776 Antonius
787 744 827 775 de
855 743 1005 780 Francia,
1031 742 1130 773 frater
1156 741 1361 773 Benedictus
1386 742 1428 773 de
1454 741 1625 780 Vercellis,
1652 742 1752 774 frater
1770 741 1942 783 Remigius
1960 743 2000 774 (le
2019 742 2095 774 Ale-

279 810 398 847 rnania‚
425 808 525 840 frater
550 806 696 848 Spiritus
722 807 762 837 de
782 805 989 842 Mediolano,
1015 805 1114 836 frater
1139 802 1374 836 Cliristotorus
1403 804 1444 835 de
1474 803 1660 841 Alarnania,
1686 803 1785 835 trater
1817 797 2028 836 Octavianus
2054 805 2095 836 de

280 871 455 905 Pallestro‚
482 870 580 901 frater
607 868 755 909 Rapliael
791 869 831 899 de
858 868 886 899 la
914 867 1027 903 plebe,
1061 867 1162 898 frater
1200 866 1285 898 Luca
1323 867 1364 897 de
1401 865 1643 907 Romagnano,
1678 866 1778 898 frater
1807 866 2018 906 Augustinus
2055 867 2096 898 de

279 933 429 973 Bugiella
456 936 485 963 et
505 932 603 963 frater
623 931 789 962 lohannes
816 930 968 970 Baptista
995 930 1036 961 de
1063 928 1409 970 R‹›inagnanO,frater
1423 927 1609 960 Seratiinus
1635 929 1676 960 de
1703 931 1820 960 sancto
1847 928 1977 969 Angelo
2003 927 2098 967 (can-

278 994 544 1035 cellato).frater
570 993 721 1034 Angelus
746 993 786 1024 de
825 991 938 1033 Carpo
974 989 1198 1031 (cancellato),
1229 991 1330 1023 frater
1371 990 1572 1022 Franciscus
1612 991 1653 1022 de
1695 989 1844 1023 Cerrano
1883 988 2099 1030 (cancellato)

278 1058 377 1089 trater
403 1057 606 1088 Theodorus
643 1056 684 1087 de
721 1054 870 1088 Cerrano
895 1052 1152 1094 (cancellato)....
1191 1053 1353 1085 facientes
1391 1053 1468 1094 plus
1505 1062 1604 1093 quain
1643 1053 1729 1084 duas
1766 1055 1878 1093 partes
1915 1062 1956 1084 ex
1989 1053 2097 1085 tribus

278 1121 429 1152 eiusdern
461 1119 698 1151 monasterii...
729 1119 879 1150 l'icel'ollo
905 1118 947 1149 clu
974 1117 1130 1149 Edoardo
1160 1115 1384 1156 Torti,delf11
1409 1115 1563 1153 Antonio,
1590 1115 1647 1146 lire
1670 1116 1716 1147 30
1746 1124 1807 1155 per
1840 1114 1948 1155 affitto
1986 1115 2021 1146 tii
2055 1124 2096 1146 11η

279 1192 364 1214 anno
390 1183 424 1214 di
447 1191 512 1213 una
538 1190 618 1213 cuso
644 1182 674 1212 [n
694 1180 800 1212 Pavicz
825 1181 856 1212 in
883 1179 1082 1211 Parrocclzia
1108 1179 1142 1211 di
1167 1178 1199 1211 S.
1228 1177 1366 1218 Giorgio
1392 1179 1423 1209 in
1449 1177 1630 1209 Fornarolo
1647 1175 1707 1216 (2).

1021 1379 1377 1421 DCLXXXII.

370 1502 397 1530 11
424 1501 586 1538 Capitolo
613 1500 647 1529 di
674 1501 707 1531 S,
735 1499 844 1528 Paolo
870 1499 988 1527 riceve
1013 1507 1058 1526 un
1082 1502 1294 1535 pagamento
1320 1499 1365 1527 da
1390 1498 1541 1526 Antonio
1567 1497 1775 1526 Fiamberti.

867 1621 1026 1652 1605,
1055 1622 1408 1651 110x‘eml)1·e‚
1438 1619 1512 1645 17.

798 1720 874 1743 (Archi
892 1719 972 1740 Notati
989 1719 1011 1739 di
1028 1718 1106 1739 Pavia.
1124 1729 1148 1732 -
1164 1718 1211 1739 Atti
1228 1718 1249 1738 di
1266 1717 1324 1739 oran
1340 1718 1436 1739 Alberto
1457 1718 1586 1743 Morasco).

394 1907 440 2022 Ι
530 1925 553 1951 Ν
579 1919 732 1951 sacristia
758 1917 900 1949 ecclesie
927 1917 1033 1948 sancti
1060 1916 1155 1948 Pauli
1182 1919 1275 1948 extra
1302 1919 1333 1948 et
1359 1925 1464 1957 prope
1492 1915 1677 1957 Papiam...
1703 1914 1919 1957 Congregato
1944 1914 2104 1957 Capitulo

552 1982 695 2014 ecclesie
721 1981 828 2013 sancti
857 1980 951 2012 Pauli
979 1980 1130 2021 predicti,
1157 1980 1198 2011 de
1224 1981 1427 2012 mandato...
1455 1979 1629 2011 reverendi
1657 1979 1783 2010 domini
1805 1978 1916 2010 fratris
1934 1978 2103 2010 Francisci

424 2081 516 2083 ἡ,
554 2045 594 2076 de
622 2043 738 2085 Papia,
766 2043 935 2075 Prioris....
963 2044 993 2074 in
1021 2052 1088 2083 quo
1127 2043 1264 2083 quidem
1306 2042 1465 2083 Capitulo
1506 2042 1683 2074 fuerunt...
1726 2042 1937 2073 venerabiles
1978 2041 2104 2073 domini

286 2107 386 2139 trater
414 2107 615 2139 Franciscus
652 2107 693 2138 de
731 2105 836 2147 Papia
875 2105 979 2144 Prior,
1015 2105 1115 2137 trater
1154 2104 1280 2137 Paulus
1305 2106 1346 2137 de
1373 2104 1477 2146 Papia
1515 2105 1673 2142 vicarius,
1709 2104 1808 2136 frater
1846 2103 2038 2136 Alexander
2064 2104 2105 2135 de

286 2169 403 2210 Papia,
430 2170 530 2202 frater
556 2169 740 2201 leroniinus
766 2169 807 2200 de
834 2168 950 2209 Papia,
989 2168 1088 2200 frater
1126 2167 1265 2208 lpolitus
1302 2168 1343 2199 de
1380 2167 1506 2205 Brixia,
1543 2167 1644 2198 frater
1681 2166 1847 2199 lohannes
1887 2166 2040 2207 Baptista
2065 2166 2106 2197 de

286 2231 488 2270 Conssentia,
515 2231 616 2263 frater
643 2231 745 2263 lulius
771 2232 811 2263 de
838 2231 960 2268 Axula,
1001 2231 1101 2262 frater
1141 2229 1336 2271 Stephanus
1362 2231 1402 2262 de
1436 2229 1660 2270 Acquanigra,
1701 2229 1800 2261 frater
1841 2229 2025 2260 leronimus
2065 2228 2106 2260 de

346 2399 373 2418 11,
391 2398 420 2418 La
437 2398 513 2418 nobile
528 2397 629 2423 tarniglia
646 2403 732 2423 pavese
748 2397 783 2418 dei
801 2397 911 2418 Fazzardi
935 2403 947 2417 o
971 2397 1103 2422 Facetardi,
1126 2397 1170 2417 alla

291 2443 359 2467 rurale
373 2445 564 2468 appartenevano
580 2442 638 2463 trate
655 2442 733 2462 Nicola
750 2442 777 2462 ed
793 2442 806 2462 il
823 2442 928 2462 Macstro
943 2441 1002 2462 irate
1014 2441 1172 2466 Bartolonieo,

256 2495 258 2498 ·
292 2486 339 2507 lece
355 2486 468 2506 costrnire
485 2486 506 2506 in
523 2486 669 2512 quest'anno
687 2486 736 2507 1505
752 2492 796 2506 una
812 2486 923 2512 Cappella
936 2485 990 2506 1115.
1004 2486 1116 2511 Agostino
1127 2491 1170 2506 con

292 2531 411 2556 sepultura
428 2531 552 2556 «ζμ-1111111111.
570 2530 611 2551 Cio
627 2531 708 2551 risulta
725 2531 784 2551 dalla
810 2531 931 2551 iscrizione
953 2530 1113 2551 conservataci
1136 2530 1173 2550 dat

294 2574 368 2599 Bossi,
385 2580 428 2599 ms,
446 2574 503 2595 111111,
521 2575 596 2599 Univ..
608 2575 649 2595 clre
661 2575 679 2595 si
691 2575 786 2600 leggeva
799 2575 856 2595 nella
869 2575 920 2600 pala
933 2574 1062 2595 dcll'altare
1073 2574 1095 2594 di
1107 2574 1171 2595 detta

293 2619 419 2644 Carmena:
438 2618 534 2644 Capena
550 2619 668 2645 qnondam
684 2619 774 2640 domini
797 2619 961 2640 Barttrotomei·
976 2620 1004 2640 (le
1020 2619 1136 2640 Fazanlis
1151 2620 1174 2639 et

294 2669 454 2684 successorum
470 2669 564 2684 suorum
581 2665 717 2684 constructa
733 2670 796 2684 anno
808 2663 904 2684 Domini
918 2664 975 2689 1505,
987 2664 1024 2685 die
1033 2664 1110 2689 prium
1122 2668 1172 2689 sep-

295 2707 397 2727 remoris.
416 2707 430 2727 ll
447 2708 554 2733 sepolcro
569 2707 591 2728 iu
609 2708 646 2733 poi
663 2708 786 2728 rinnovato
802 2708 836 2728 nel
855 2709 912 2733 1575,
928 2713 993 2729 corne
1009 2708 1026 2728 si
1038 2708 1127 2728 deduce
1142 2707 1171 2727 da

294 2751 399 2772 un'altru
416 2751 537 2772 iscrizione
553 2751 612 2772 della
635 2754 711 2772 stcssa
734 2751 854 2777 Capsu-lla,
877 2757 933 2777 pure
954 2752 1115 2773 conservataci
1138 2751 1175 2772 dal

295 2795 377 2816 Bossi:
394 2795 422 2816 D.
441 2796 467 2816 O.
485 2796 514 2816 Μ.
532 2795 620 2816 Paulus
637 2796 765 2817 Γασίων-11113
781 2796 965 2817 iurisconsultus
980 2797 1094 2817 mortalia
1112 2797 1172 2822 cogi-

297 2842 352 2861 tans
367 2840 413 2860 sibi
426 2840 575 2866 posterisque
591 2840 728 2866 reformavit
745 2846 808 2861 anno
823 2841 911 2861 salutis
927 2840 1065 2861 MDLXXV.

348 2885 378 2908 (2)
395 2883 432 2905 Pei
449 2884 570 2905 Convenio
586 2884 606 2904 di
623 2884 645 2905 S.
662 2884 775 2909 Agostino
791 2885 930 2905 ricordiamo
945 2885 1017 2906 anche
1033 2890 1062 2905 un
1078 2886 1128 2906 atto
1139 2885 1175 2906 del

295 2929 375 2949 notaio
391 2928 448 2949 Oian
465 2928 576 2949 Criacorno
592 2927 713 2953 canevari,
730 2930 812 2953 rogato
827 2928 872 2954 agli
890 2929 910 2949 ll
928 2928 950 2949 di
967 2934 1045 2949 marzo
1061 2929 1096 2949 del
1116 2929 1174 2950 1505.

297 2972 319 2993 ln
335 2977 389 2993 esso
404 2972 423 2993 si
439 2972 545 2993 contiene
561 2972 582 2993 111
597 2973 709 2993 sostanza
725 2973 813 2998 quanto
828 2977 915 2998 segue:
927 2972 1023 2993 Avendo
1034 2972 1070 2998 gia
1081 2972 1110 2998 gli
1123 2972 1175 2994 Ere-

297 3016 375 3037 mitani
397 3016 418 3037 di
434 3015 457 3037 S.
474 3016 588 3042 Agostino
610 3016 665 3037 data
687 3016 825 3037 investitura
841 3016 862 3037 di
879 3017 935 3038 certi
951 3017 1003 3037 beni
1019 3017 1040 3037 in
1064 3016 1177 3039 Rivarone

296 3061 325 3081 ad
342 3066 370 3081 un
383 3060 494 3082 Giaeomo
509 3060 538 3082 de
553 3059 653 3082 Grandis
664 3059 692 3081 de
704 3059 822 3086 Blcngeris
835 3060 857 3081 (11
867 3061 920 3087 quel
931 3061 1010 3087 luogo,
1022 3061 1176 3087 coll'obbligo

1226 2396 1247 2416 di
1265 2401 1336 2421 pagar
1351 2396 1434 2422 cinque
1450 2395 1526 2417 saeclii
1542 2396 1564 2416 di
1580 2395 1805 2416 frurnentoall¹anno
1817 2400 1858 2421 per
1867 2394 1953 2420 attitto,
1964 2394 1992 2416 ed
2003 2394 2103 2416 essendo

1227 2446 1239 2461 a
1256 2441 1286 2460 lui
1303 2440 1501 2461 netl’investitura
1517 2439 1645 2460 succeduto
1661 2439 1675 2459 il
1690 2445 1733 2460 suo
1745 2439 1808 2465 tiglio
1819 2439 1933 2464 Barnaba,
1945 2439 2029 2464 questi,
2041 2439 2104 2464 dopo

1227 2484 1290 2505 rnolti
1305 2484 1367 2509 unni,
1383 2490 1423 2510 per
1439 2484 1542 2504 liberarsi
1560 2483 1613 2504 dall·
1629 2489 1698 2504 onere
1709 2483 1746 2504 dal
1757 2485 1992 2509 paganientoannuo,
2008 2482 2104 2508 compro

1229 2529 1257 2549 da
1275 2535 1303 2549 un
1322 2529 1401 2555 signor
1423 2528 1524 2549 Antonio
1546 2528 1573 2549 de
1597 2528 1724 2554 Blengeriis
1745 2528 1774 2548 de
1797 2527 1920 2553 Prot-cria,
1943 2527 1978 2548 del
2001 2527 2024 2548 111
2047 2527 2104 2548 Gian

1228 2574 1369 2599 Francesco,
1391 2574 1472 2594 alcunc
1489 2575 1549 2594 terre
1564 2573 1586 2593 di
1602 2573 1638 2594 cni
1654 2573 1683 2598 gli
1700 2572 1767 2594 diede
1783 2572 1862 2598 poscia
1886 2571 2022 2593 investitura
2033 2589 2038 2597 ,
2060 2572 2105 2593 col-

1229 2618 1243 2638 l'
1255 2617 1349 2643 obbligo
1365 2617 1386 2637 di
1404 2623 1489 2643 pagare
1514 2617 1556 2642 egli
1573 2617 1578 2637 i
1594 2617 1678 2642 cinqne
1699 2616 1775 2637 sacchi
1799 2616 1880 2637 dovuti
1895 2616 1916 2637 al
1933 2618 2074 2637 monastero.
2097 2616 2104 2637 l

1227 2662 1327 2688 religiosi
1342 2663 1494 2683 accettarono
1510 2661 1523 2682 il
1540 2661 1630 2682 cambio
1646 2666 1688 2682 con
1711 2661 1850 2681 istrurnento
1874 2661 1933 2686 degli
1952 2662 1971 2681 ll
1989 2661 2106 2682 dicenrbre

1229 2706 1279 2727 1495
1294 2707 1377 2731 rogato
1392 2706 1429 2727 dal
1445 2706 1524 2727 notaio
1540 2706 1640 2726 Antonio
1657 2705 1786 2731 Bcllingeri,
1803 2711 1838 2726 rna
1849 2711 1908 2731 poco
1917 2705 2106 2731 dopol'Antonio

1232 2750 1353 2776 Bellingeri
1370 2750 1470 2771 Provera
1486 2756 1498 2771 e
1514 2751 1534 2771 in
1551 2750 1643 2775 seguito
1658 2750 1731 2771 anche
1746 2750 1760 2770 il
1775 2755 1819 2770 sno
1835 2750 1897 2776 liglio
1913 2750 2041 2775 Oalvagno.
2059 2755 2108 2771 ces-

1227 2800 1313 2815 sarono
1323 2795 1359 2815 dai
1372 2795 1512 2820 pagarnentii
1529 2786 1620 2815 Furono
1635 2794 1777 2819 denumtati,
1788 2800 1799 2815 e
1808 2795 1960 2815 scomunicati
1971 2800 2013 2815 con
2025 2795 2107 2816 lettere

1228 2839 1330 2860 dell'ora
1346 2839 1443 2860 defunto
1460 2838 1576 2860 Beltranio
1592 2839 1620 2860 de
1636 2839 1776 2865 Attendolis,
1801 2841 1966 2860 conservatore
1991 2839 2027 2860 del
2049 2839 2108 2861 eon-

1231 2885 1309 2909 vento,
1325 2883 1346 2904 in
1362 2883 1417 2904 data
1431 2883 1458 2904 30
1473 2889 1552 2904 marzo
1569 2883 1626 2905 1503.
1642 2883 1688 2904 Ora
1704 2884 1717 2904 il
1733 2883 1853 2909 Oatvagno
1869 2883 1990 2910 Bellingeri
2007 2883 2107 2905 Provera

1229 2928 1265 2948 co'
1280 2927 1332 2948 suoi
1348 2927 1431 2948 tratetli
1444 2927 1569 2953 Lodovico‚
1578 2927 1636 2949 Gian
1646 2928 1720 2949 Maria
1731 2933 1743 2949 e
1754 2927 1865 2949 Giacomo
1876 2928 1998 2949 addiviene
2008 2933 2021 2949 a
2032 2933 2108 2950 unove

1229 2971 1381 2993 convenzioni
1397 2977 1409 2992 e
1423 2972 1453 2993 ad
1469 2977 1498 2993 un
1513 2972 1702 2998 aggiustamento
1717 2972 1753 2994 col
1769 2974 1922 2999 procuratore
1939 2972 1975 2994 del
1986 2972 2108 2995 Convento

1232 3015 1291 3037 frate
1307 3015 1456 3038 Bartolomeo
1472 3016 1500 3038 da
1516 3016 1671 3038 Castellazzo.
