2305 3407
275 110 336 146 152

271 241 374 283 Papie
400 242 574 273 reverendi
600 249 693 273 sacre
719 241 842 282 pagine
880 241 1029 281 magistri
1068 239 1195 271 domini
1237 239 1386 280 magistri
1414 238 1501 271 Petri
1527 239 1569 270 de
1595 237 1843 271 Castronovo...
1877 239 2013 278 Prioris,
2038 240 2091 272 nel

269 304 349 344 qual
373 303 526 345 CcipItolo
551 304 581 335 si
604 305 740 335 trovano
766 303 870 334 anche
896 303 1055 343 magister
1081 301 1182 333 frater
1207 299 1345 333 Gabriel
1372 301 1412 332 de
1438 300 1556 342 Papia,
1594 302 1753 342 magister
1777 301 1878 334 irater
1904 301 2023 334 Petrus
2048 302 2089 334 de

270 364 410 404 Caneto,
437 367 595 407 magister
620 365 721 397 frater
748 365 857 397 Lucas
882 365 923 396 de
951 364 1184 405 Romagnano,
1222 363 1322 395 frater
1359 363 1651 405 Michaelangelus
1676 364 1718 395 de
1744 363 1859 405 Papia,
1886 364 1986 396 frater
2012 364 2090 396 For-

270 431 410 460 tunatus
434 429 476 460 de
501 427 634 461 Cerano
660 437 786 465 cursor,
812 427 913 459 frater
939 426 1152 467 Augustinus
1177 426 1218 457 de
1245 424 1418 458 Pizileono
1444 428 1651 467 procurator,
1677 425 1777 458 frater
1801 425 1926 458 Orfeus
1950 427 1991 458 de
2010 427 2090 459 Ver-

268 491 360 528 zelis,
386 490 486 522 frater
513 490 556 522 Io.
583 490 751 522 Antonius
777 490 818 521 de
844 488 1017 529 Gropello,
1043 488 1144 520 frater
1170 488 1371 520 Laurentius
1396 489 1436 520 de
1463 487 1580 529 Papia,
1606 488 1705 520 frater
1732 488 1926 521 Ludovicus
1952 489 1993 521 de
2012 489 2091 521 Ver-

271 553 351 585 zelis
376 555 407 584 et
433 553 534 585 frater
558 553 701 584 Nichola
728 552 768 583 de
796 552 943 589 Lentate‚
964 550 1023 592 piri
1048 551 1083 582 di
1106 551 1168 582 due
1194 551 1275 582 terzi
1298 550 1352 582 del
1377 549 1540 592 Capitolo,
1566 551 1783 582 riconoscitzte
1807 550 1836 582 Ie
1860 552 2014 591 angustie?
2031 552 2089 583 che

268 616 461 656 opprimono
487 616 509 647 il
533 617 728 650 monastero,
756 616 892 655 propter
918 614 1153 645 necessitatem
1180 613 1317 645 vivendi
1344 615 1375 645 et
1401 613 1556 645 solvendi
1583 614 1745 654 pecunias
1763 622 1828 653 que
1847 613 1997 654 quotidie
2023 613 2090 645 sol-

272 681 477 718 vuntur‘per
503 678 628 709 dictum
656 677 896 708 monasterium
924 676 1088 708 militibus
1112 675 1294 707 ducalibus
1320 677 1351 707 et
1377 684 1441 716 que
1466 675 1594 707 eisdem
1636 675 1769 708 solvere
1807 678 1906 716 prout
1931 678 2009 707 sunt
2034 684 2090 707 ne-

268 741 417 772 cessitati
444 743 474 772 et
501 740 751 772 necessitantur
777 739 929 779 quotidie
955 747 993 770 ac
1020 739 1133 769 vivere
1160 747 1226 769 non
1253 738 1387 775 vallent,
1415 737 1589 778 presertim
1630 740 1754 769 attenta
1780 740 1930 770 extrema
1956 738 2091 769 calami—

269 806 335 834 tate
361 805 392 834 et
417 802 652 834 crudelissima
679 801 945 842 depopulatione
971 809 1111 832 occursa
1137 800 1178 831 de
1203 809 1292 832 anno
1318 800 1475 840 preterito
1501 801 1533 831 et
1559 808 1672 831 mense
1709 800 1837 832 octobri
1876 800 1986 841 ipsius
2011 800 2088 831 anni

269 865 469 905 generaliter
494 865 552 895 toti
579 864 707 895 civitati
735 862 840 904 Papie
865 871 903 894 ac
929 863 1089 894 omnibus
1129 862 1294 900 ecclesiis,
1332 862 1547 893 monasteriis
1586 863 1618 893 et
1642 861 1879 900 conventibus,
1906 862 1937 893 in
1963 862 2089 902 quibus

270 927 350 958 nihil
377 927 506 958 eisdem
533 927 668 967 penitus
693 926 864 963 remansit,
891 934 952 957 nec
979 926 1116 957 modum
1144 924 1269 956 habent
1295 925 1462 965 pecunias
1488 924 1742 964 recuperandi...
1775 926 1901 956 attento
1927 924 2018 964 quod
2044 925 2090 955 ci—

270 990 357 1020 vitas
383 991 451 1020 tota
477 988 539 1020 fuit
564 992 596 1020 et
621 991 672 1020 est
697 990 841 1020 exausta
868 988 1021 1028 pecuniis
1047 989 1078 1019 et
1104 987 1180 1019 aliis
1207 986 1306 1018 bonis
1331 988 1361 1018 et
1388 987 1534 1018 maxime
1551 986 1638 1017 fame
1657 985 1787 1018 laborat
1812 989 1948 1027 propter
1966 986 2088 1018 dictam

269 1052 514 1083 atrocissimam
552 1051 853 1092 depopulationem
891 1059 1065 1082 occursam
1092 1052 1123 1081 et
1148 1051 1307 1090 capturas
1343 1049 1384 1081 de
1421 1049 1554 1080 civibus
1587 1048 1694 1080 factas
1720 1051 1751 1080 et
1776 1049 1960 1081 immensas
1985 1049 2090 1081 taleas

269 1123 326 1154 per
351 1122 412 1145 eos
439 1114 581 1151 solutas,
609 1114 652 1145 ita
679 1114 770 1154 quod
797 1122 815 1145 a
841 1113 1054 1145 debitoribus
1092 1112 1171 1143 dicti
1210 1111 1417 1149 monasterii,
1442 1113 1567 1142 attenta
1610 1111 1894 1151 impossibilitate,
1919 1111 2019 1143 dictis
2044 1120 2085 1143 ex

268 1177 381 1208 causis
407 1185 560 1215 occursa,
586 1176 696 1208 nullas
721 1176 856 1216 penitus
883 1175 1046 1216 pecunias
1071 1174 1236 1215 consequi
1263 1174 1376 1205 valent
1401 1182 1460 1205 nec
1486 1174 1633 1214 exigere,
1659 1173 1718 1205 sed
1745 1174 1866 1214 pocius
1891 1173 2090 1215 sanguinem

268 1238 311 1270 ab
336 1239 386 1270 eis
411 1239 586 1270 extrahere
613 1240 755 1279 possent
780 1239 811 1269 et
836 1247 896 1270 eos
923 1238 954 1268 in
981 1237 1173 1269 carceribus
1211 1237 1370 1268 marcesci
1396 1235 1504 1268 facere
1541 1244 1579 1267 ac
1615 1236 1877 1275 excomunicari,
1902 1236 2034 1277 gravari
2059 1238 2090 1267 et

268 1302 458 1342 reagravari
485 1300 606 1339 facere,
632 1309 732 1341 quam
759 1300 893 1341 aliquas
919 1300 1082 1340 pecunias
1108 1300 1291 1341 exhigere;
1316 1300 1346 1331 si
1369 1298 1513 1331 delibera
1538 1299 1573 1330 di
1598 1298 1733 1330 vendere
1758 1307 1800 1330 un
1825 1301 1894 1330 on‘o
1919 1298 1955 1330 di
1977 1298 2000 1330 6
2018 1306 2092 1339 per-

268 1364 351 1395 ticlie
375 1364 407 1395 in
434 1363 660 1395 Preciamasco
700 1363 753 1394 nel
792 1362 995 1396 Siccomarto
1016 1371 1078 1403 per
1100 1362 1156 1394 lire
1186 1363 1248 1394 110
1286 1361 1456 1402 imperiali.
1494 1361 1520 1392 ll
1554 1361 1699 1392 secondo
1736 1363 1868 1393 trattato
1893 1361 1923 1393 si
1939 1360 1981 1401 fa
2006 1360 2090 1392 nello

267 1427 372 1457 stesso
395 1426 514 1466 glorno
539 1426 584 1458 23
605 1426 761 1466 genunio,
789 1425 812 1457 il
836 1427 925 1457 terzo
950 1434 967 1457 e
992 1425 1024 1456 la
1051 1425 1183 1456 vendita
1208 1424 1233 1456 il
1253 1425 1373 1465 giorno
1396 1424 1440 1455 24
1457 1421 1518 1463 (1).

326 1620 344 1642 (l
375 1619 401 1640 Αἰ
417 1620 430 1640 2
445 1625 523 1640 marzo
539 1619 574 1640 del
593 1620 650 1644 1528,
675 1625 718 1640 con
742 1621 794 1640 atto
818 1621 901 1645 rogato
917 1619 974 1639 nella
991 1624 1046 1639 casa
1062 1618 1098 1639 del
1114 1624 1153 1639 no-

273 1664 320 1684 taio
336 1664 394 1684 (itan
410 1663 554 1684 Bernardino
570 1664 629 1684 della
646 1663 711 1689 Ripa,
728 1663 749 1684 in
773 1663 907 1689 parroechia
924 1663 945 1683 di
961 1663 984 1683 S.
1002 1662 1105 1683 Euteniia
1121 1668 1154 1683 re-

274 1708 389 1729 verendus
405 1714 470 1729 sacre
487 1708 603 1733 theologie
629 1707 749 1733 professor
773 1708 881 1728 dominus
898 1708 1008 1733 magister
1024 1707 1107 1728 Petrus
1123 1707 1151 1728 de

272 1753 420 1774 Castroniovo
435 1752 511 1778 :Prior
535 1752 671 1774 Conventus
687 1752 709 1773 S.
726 1753 850 1777 Augustini
868 1752 938 1778 Popie
954 1754 975 1773 et
993 1753 1013 1773 in
1030 1753 1071 1773 hac
1087 1754 1153 1778 parte

273 1798 378 1819 vicarius
395 1797 546 1818 Provincialis
561 1798 635 1818 totius
652 1798 790 1818 Lonibardie
806 1797 934 1823 deputatus
946 1803 985 1823 ptr
998 1797 1155 1818 Rcvercndum

273 1848 338 1863 sacre
355 1842 472 1867 theologie
489 1841 646 1867 proiessorem
671 1842 789 1862 dominum
814 1841 908 1862 tratrem
934 1841 1081 1867 Raphaellem
1098 1841 1154 1862 Mel-

273 1887 352 1907 lanesii
370 1887 397 1907 de
414 1886 582 1912 Carmagnollia
609 1887 663 1907 dieti
688 1886 782 1907 Ordinis
805 1885 981 1907 Provinciallem
1006 1891 1046 1911 per
1062 1886 1152 1906 litteras

272 1932 340 1952 datas
357 1931 427 1957 l’apie
443 1931 479 1952 die
495 1931 564 1952 tertio
580 1931 669 1952 decimo
686 1931 741 1951 lunii
759 1931 817 1956 1526,
833 1931 970 1951 costituisce
985 1936 1028 1951 suo
1045 1935 1154 1955 procura>

273 1978 323 1996 tori:
339 1976 458 1996 tiuininum
474 1975 569 1996 tratrem
586 1975 741 2001 Augustinum
758 1975 785 1995 de
802 1975 883 1996 Cremo
900 1975 927 1995 tie
943 1975 1082 2000 Concorigio
1098 1975 1152 1995 dicti

274 2020 368 2040 ordini„
384 2020 412 2040 ibi
430 2022 588 2045 presentem*
605 2020 634 2040 ad
650 2025 744 2040 causam
755 2020 893 2040 movendam
904 2022 984 2040 contra
1001 2019 1072 2039 tilium
1084 2025 1156 2044 quon-

273 2065 325 2085 dam
344 2065 446 2085 lazarini
464 2064 546 2085 llehrci
563 2064 847 2085 coninioranteminterm
864 2064 945 2085 Creme
961 2064 1084 2084 occasione
1099 2069 1154 2084 non-

275 2110 388 2130 nullorum
406 2109 527 2135 pignorum
552 2114 578 2129 ac
603 2109 698 2129 :iliarum
716 2114 790 2129 rerum
811 2109 869 2129 alias
885 2108 1074 2133 consignatorum
1091 2108 1154 2129 dicto

276 2154 393 2179 quondam
411 2154 522 2174 Lazarino
539 2154 630 2174 Hebreo
655 2159 695 2179 per
720 2159 779 2174 nunc
804 2153 922 2179 quondum
945 2153 1100 2174 venerabilem
1117 2153 1157 2173 do-

274 2199 358 2219 minum
376 2198 469 2219 tratrem
486 2198 641 2223 Augustinum
659 2198 686 2218 dc
703 2198 781 2218 Laude
797 2198 850 2218 dicti
867 2198 968 2218 Ordinis,

327 2243 352 2263 Αἰ
371 2244 393 2263 Η)
407 2243 488 2268 aprile,
505 2248 546 2263 con
563 2244 613 2263 atto
629 2243 650 2263 di
667 2242 762 2268 Oiorgio
779 2242 890 2267 Belin-llo,
914 2242 1062 2267 congregato
1075 2259 1087 2262 ,.
1111 2242 1152 2263 Ca-

276 2288 349 2312 pitulo
366 2288 500 2308 monasterii
525 2288 599 2307 suncti
625 2287 747 2313 Augustini
774 2287 870 2312 Papicffl
888 2287 915 2307 tle
933 2287 1067 2307 inauriatur..
1092 2293 1154 2307 rcve-

276 2332 338 2352 rendi
355 2338 419 2353 sacre
437 2332 553 2357 theologie
570 2332 673 2357 magistri
691 2332 776 2352 domiui
793 2332 871 2352 fratris
889 2332 948 2352 Petri
966 2332 993 2352 dc
1009 2331 1157 2352 Castronovo

1209 1618 1321 1639 Priorisi..
1337 1623 1396 1638 sono
1413 1618 1569 1643 tenebrarum,
1595 1617 1646 1638 loco
1671 1622 1791 1642 campane,
1815 1617 1929 1643 premisso
1945 1618 1967 1638 et
1983 1617 2040 1642 ipsis
2056 1619 2088 1637 te-

1209 1663 1286 1683 nebris
1310 1668 1352 1688 pro
1376 1662 1545 1682 convocatione
1570 1661 1671 1687 Capituli
1688 1661 1752 1687 prius
1768 1662 1876 1687 pulsatis,
1899 1662 1929 1681 ob
1952 1661 2087 1682 Passionem

1207 1706 1298 1728 Domini
1315 1707 1388 1728 nostri
1406 1707 1455 1727 lesu
1472 1706 1566 1731 Christi,
1583 1708 1607 1727 ut
1624 1706 1695 1727 moris
1710 1708 1753 1731 est,
1770 1706 1791 1726 in
1808 1712 1854 1732 quo
1870 1706 1963 1732 quidem
1980 1706 2088 1732 Capitulo

1209 1751 1301 1772 luerunt
1317 1754 1339 1772 ct
1355 1751 1441 1772 adsunt
1466 1751 1571 1777 prefatus
1594 1751 1701 1771 dominus
1725 1750 1789 1771 Prior
1811 1752 1860 1771 et„
1884 1751 1994 1775 magister
2018 1750 2088 1772 irater

1213 1796 1304 1817 Gabriel
1320 1796 1348 1817 de
1366 1796 1445 1822 Papia,
1461 1796 1531 1816 trater
1548 1796 1690 1816 Fortunatus
1707 1795 1734 1815 de
1750 1795 1839 1816 Cerano
1855 1801 1943 1819 cursor,
1960 1795 2030 1816 irater
2046 1795 2087 1815 Mi-

1209 1842 1373 1866 chaelangelus
1388 1841 1416 1861 de
1433 1840 1513 1866 Papia,
1530 1840 1600 1861 irater
1616 1841 1762 1866 Augustinus
1777 1840 1805 1861 de
1828 1840 1948 1865 Piciliono,
1970 1840 2041 1860 irater
2057 1840 2079 1860 lo

1207 1886 1322 1906 Antonius
1338 1885 1366 1906 (ie
1382 1885 1499 1911 Uropello,
1516 1885 1586 1905 irater
1602 1885 1696 1905 Marcus
1711 1884 1740 1905 cle
1756 1884 1855 1909 Barona,
1871 1884 1941 1905 irater
1957 1884 2088 1905 Ludovicus

1209 1930 1237 1950 de
1253 1930 1371 1955 Vercellis,
1388 1929 1458 1950 irater
1475 1930 1612 1950 Laurentius
1628 1929 1656 1949 de
1673 1929 1752 1954 Papia,
1768 1929 1839 1950 irater
1850 1929 1959 1950 Nicolaitis
1970 1929 1998 1949 de
2009 1929 2087 1951 Lente.

1209 1975 1347 1995 iacientes...
1365 1974 1411 1995 iere
1434 1977 1508 1995 totum
1525 1977 1546 1995 ct
1563 1974 1678 1999 integrum
1702 1973 1834 2000 Capitulum
1858 1974 1879 1994 si
1894 1974 1925 1994 du
1947 1974 2088 1994 investitum

1209 2021 1322 2045 perpetuu
1338 2026 1352 2040 u
1368 2019 1495 2041 Dominari,
1512 2019 1660 2039 Alessundro
1672 2024 1683 2039 c
1701 2018 1762 2039 Gran
1786 2019 1863 2039 Maria
1876 2017 1972 2044 fratelli
1987 2018 2015 2039 dt·
2031 2018 2089 2043 :tgu-

1210 2065 1264 2089 tico,
1280 2064 1302 2084 (Γ
1313 2070 1359 2084 unu
1375 2064 1444 2089 vigori
1460 2064 1485 2084 tii
1504 2064 1536 2084 28
1549 2063 1654 2089 pertiche
1670 2063 1693 2083 in
1716 2063 1867 2083 l'rtlbonodcl
1880 2062 2032 2087 Siccomtrrit),
2047 2068 2090 2088 per

1210 2109 1254 2129 lire
1271 2109 1298 2129 12
1313 2108 1432 2134 imperiali·
1447 2108 1568 2128 all'umto.

1266 2153 1332 2173 Frate
1349 2152 1518 2177 Michelaogclo
1541 2152 1568 2172 da
1595 2151 1664 2172 Pavia
1689 2157 1759 2177 sopra
1785 2151 1901 2172 ricordato
1917 2151 1928 2172 ἱ-
1944 2151 1957 2171 il
1974 2151 2032 2172 irate
2048 2151 2090 2171 Mi-

1211 2198 1346 2222 clielaiigelo
1362 2197 1443 2217 (Jinilta
1460 2197 1500 2217 che
1517 2197 1551 2217 nel
1568 2197 1666 2222 palazzo
1682 2196 1718 2217 del
1734 2196 1838 2217 Comuoc
1853 2196 1873 2216 ai
1889 2196 1915 2217 20
1931 2196 2030 2221 maggiO,
2046 2201 2088 2216 con

1207 2244 1257 2263 otto
1274 2242 1295 2262 di
1312 2242 1369 2262 Gizm
1387 2241 1464 2262 l‘ictro
1480 2241 1588 2267 Appiani,
1605 2241 1615 2262 ὺ
1632 2241 1751 2261 nominato
1767 2240 1920 2261 Procurator-c
1936 2240 2037 2266 speciale
2052 2240 2088 2260 dal

1211 2287 1315 2307 Mae-*stro
1341 2286 1398 2306 irate
1425 2286 1537 2306 Giomnni
1563 2286 1591 2306 da
1617 2285 1770 2311 Carmagnola
1787 2291 1827 2310 per
1843 2285 1932 2309 esigere
1947 2285 2022 2305 alcuni
2038 2284 2088 2305 suoi

1213 2331 1302 2352 crediti,
