2305 3407
313 162 374 195 ¹64

308 297 533 337 Augustinum
561 296 668 327 civem
697 295 796 326 huius
821 294 970 326 civitatis
996 292 1100 334 papie
1125 292 1307 325 creandum
1334 301 1444 324 esse...
1470 294 1501 324 et
1526 292 1738 324 attendentes
1764 291 1856 332 quod
1875 293 2002 332 quanto
2020 292 2129 333 magis

308 360 429 391 civitas
456 359 518 390 ista
546 358 645 389 bonis
670 360 701 389 et
727 356 898 397 opulentis
924 356 1057 387 civibus
1091 357 1358 396 augumentatur,
1396 357 1488 386 tanto
1526 355 1633 395 magis
1666 354 1806 394 copiosa
1833 354 1982 385 redditur
2006 356 2036 385 et
2062 363 2131 386 me-

310 422 381 453 liori
409 421 569 461 regimine
595 421 810 460 gubernatur.
838 419 1046 450 unanimes...
1089 418 1222 448 nomine
1249 419 1278 448 et
1306 417 1376 448 vice
1403 417 1513 448 tocius
1539 416 1655 457 populi
1683 415 1858 456 papiensis
1883 415 2026 447 eundem
2068 415 2127 446 do-

314 485 437 515 minum
465 483 596 514 fratrem
625 481 885 522 Augustinum...
919 479 1069 511 fecerunt
1095 482 1125 510 et
1152 482 1382 510 creaverunt...
1424 479 1531 510 civem
1568 478 1656 510 dicte
1692 478 1839 509 civitatis
1866 476 2002 518 Papie...
2028 478 2059 508 et
2084 479 2133 508 at-

314 546 415 577 tentis
452 545 525 576 eius
563 545 687 575 meritis
726 552 785 574 nee
825 552 888 573 non
927 545 956 573 et
994 541 1092 573 certis
1129 541 1203 572 allis
1242 541 1339 571 iustis
1373 540 1560 571 rationibus
1586 543 1615 571 et
1641 540 1798 571 causis...
1836 539 1936 571 remis
1963 541 2076 570 serunt
2101 541 2132 570 et

314 609 483 639 remittunt
520 607 722 638 colationem
760 606 892 636 solitam
933 605 1002 635 dari
1041 608 1071 635 ct
1109 604 1176 634 fieri
1216 606 1364 643 tempore
1389 603 1579 639 creationis,
1605 605 1699 633 etex...
1725 600 1859 639 Quibus
1900 601 1948 632 sic
1989 601 2134 641 peractis

313 670 463 711 prefatus
490 669 696 700 reverendus
722 668 881 699 dominus
908 667 1007 698 frater
1045 665 1256 706 Augustinus
1289 665 1414 705 gratias
1456 665 1638 695 immensas
1679 672 1765 704 quas
1806 664 1913 704 potuit
1952 666 1983 694 et
2024 664 2134 703 potest

310 733 352 764 de
379 735 471 763 tanto
498 732 562 763 sibi
588 731 712 762 collato
739 739 874 761 munere
902 729 1058 763 reddens,
1099 728 1221 759 dictam
1263 727 1456 758 civilitatem
1483 730 1513 758 et
1539 727 1742 758 creationem
1769 726 1940 757 civilitatis
1965 728 1997 756 et
2022 725 2134 756 omnia

312 798 343 826 et
369 794 503 835 singula
530 794 560 824 in
588 802 626 825 ea
652 795 819 829 contenta,
846 792 929 823 illari
956 794 987 823 et
1013 790 1160 822 iocundo
1186 790 1299 820 animo
1323 789 1513 829 acceptavit
1539 791 1569 820 et
1595 790 1746 829 acceptat
1772 790 1803 820 et
1829 788 1967 828 insuper
1985 786 2135 828 prefatus

313 856 517 888 reverendus
543 855 702 886 dominus
728 853 829 885 frater
855 853 1078 894 Augustinus,
1106 852 1262 883 manibus
1289 860 1393 892 super
1419 854 1537 892 pectus
1564 859 1662 882 suum
1689 850 1822 891 positis,
1850 859 1940 881 more
1977 848 2137 882 sacerdo-

312 920 379 953 tali,
407 919 527 949 iuravit
553 920 584 948 et
611 918 728 948 iurat...
754 916 846 956 quod
874 916 984 947 dictus
1012 915 1218 946 reverendus
1245 914 1405 945 dominus
1437 913 1538 945 frater
1563 913 1775 954 Augustinus
1812 914 1976 953 perpetuo
2015 911 2076 943 erit
2101 911 2138 942 fi-

312 982 398 1012 delis
423 984 453 1012 et
479 980 604 1011 zelator
629 981 738 1010 status
757 978 848 1009 lll.mi
877 981 907 1009 et
934 977 1107 1008 Excelei
1135 976 1174 1008 D.
1202 976 1241 1008 D.
1268 975 1373 1008 Ducis
1393 976 1496 1007 nostri
1516 984 1723 1016 suorumque
1753 983 1990 1007 successorum
2009 976 2039 1006 et
2057 973 2136 1005 dicti

313 1043 469 1075 comunis
497 1041 600 1082 Papie
626 1044 656 1072 et
683 1041 775 1081 quod
803 1040 931 1080 aliquid
960 1049 1024 1070 non
1052 1039 1219 1076 tractabit,
1247 1048 1306 1070 nec
1332 1039 1484 1070 tractanti
1511 1047 1570 1069 seu
1598 1040 1738 1069 tractare
1775 1037 1900 1068 volenti
1941 1036 2138 1073 consentiet,

313 1106 405 1146 quod
432 1105 546 1136 tendat
574 1105 603 1135 in
632 1103 854 1144 preiudicium
882 1104 1002 1137 status,
1029 1102 1169 1133 honoris
1196 1110 1255 1132 nec
1283 1109 1427 1141 persone
1469 1100 1623 1140 prelibati
1651 1099 1743 1131 lll.mi
1771 1102 1803 1130 et
1829 1098 2003 1130 Excellmi
2030 1096 2071 1129 D.
2097 1096 2137 1129 D.

315 1168 421 1199 Ducis
459 1168 562 1199 nostri
601 1175 808 1206 suorumque
846 1173 1082 1197 successorum
1109 1166 1140 1195 et
1167 1164 1245 1195 dieti
1287 1163 1443 1195 comunis
1480 1162 1597 1203 Papie.
1624 1162 1663 1193 Et
1688 1162 1716 1194 si
1743 1162 1879 1193 sciverit
1911 1161 2058 1201 aliquem
2086 1159 2138 1192 vel

313 1231 448 1271 aliquos
474 1229 604 1270 aliquid
631 1231 843 1269 pertractare,
871 1228 959 1259 illico
1000 1227 1167 1268 prelibato
1194 1226 1297 1258 lll.mo
1322 1228 1354 1258 et
1381 1225 1565 1257 Excell.mo
1591 1223 1630 1256 D.
1657 1223 1698 1256 D.
1724 1223 1810 1256 Duci
1837 1223 1889 1255 vel
1915 1224 1988 1255 eius
2013 1222 2142 1254 officia-

315 1293 461 1325 cialibus
487 1292 673 1324 notificabit
699 1293 730 1323 et
756 1290 949 1331 propalabit
975 1299 1036 1331 pro
1062 1298 1166 1330 posse
1193 1298 1265 1325 suo,
1292 1288 1402 1320 taliter
1427 1287 1518 1328 quod
1544 1287 1587 1318 ad
1613 1295 1726 1318 eorum
1754 1286 1906 1318 notitiam
1932 1285 2042 1317 valeat
2066 1293 2143 1326 per-

314 1356 441 1393 venire,
469 1363 605 1395 remque
625 1354 795 1395 publicam
821 1353 900 1384 dicti
927 1351 1093 1385 Comunis
1119 1360 1252 1392 semper
1277 1359 1400 1392 augere
1426 1349 1630 1391 procurabit,
1656 1351 1718 1380 etc.
1745 1348 1785 1380 Et
1811 1348 1899 1386 inde,
1917 1350 1979 1380 etc.
1998 1346 2142 1379 Presen-

315 1419 406 1449 tibus
432 1420 493 1449 etc.
521 1417 678 1449 testibus.

1068 1588 1396 1630 DCCCXLII.

408 1710 571 1738 Pratiche
610 1710 664 1738 del
703 1709 858 1737 Comune
896 1709 929 1737 di
968 1708 1079 1736 Pavia
1116 1716 1177 1744 per
1214 1707 1413 1735 introdurre
1451 1715 1470 1734 a
1507 1706 1542 1734 S.
1571 1705 1737 1734 Mostiola
1775 1704 1821 1740 gli
1855 1703 2080 1740 Agostiniani
2107 1702 2142 1731 di

320 1765 353 1792 S.
382 1764 504 1792 Paolo.

786 1811 811 1842 ὓ
930 1857 1076 1888 1531,
1106 1857 1348 1889 git1g11o,
1377 1855 1537 1881 lO=13.

786 1947 852 1967 Art-11.
870 1946 906 1967 del
923 1946 1007 1967 Museo
1023 1945 1073 1967 Civ.
1089 1945 1111 1966 di
1128 1945 1189 1967 Stor.
1207 1945 1270 1966 Patr.
1287 1956 1311 1958 —
1327 1945 1374 1966 Atti
1391 1945 1412 1966 di
1430 1944 1544 1970 Primis,
1561 1949 1633 1970 pacco
1651 1944 1691 1967 10)Α

371 2129 517 2246 fill
565 2152 690 2182 Dxxxt,
717 2146 771 2177 die
801 2146 839 2177 10
865 2145 959 2183 lunii,
986 2145 1016 2176 in
1044 2145 1207 2185 vesperis.

675 2208 874 2242 Convocato
900 2208 1055 2246 consilio,
1081 2210 1141 2238 etc.

484 2311 529 2313 W,
676 2273 754 2304 ltem
781 2272 894 2304 audita
922 2273 1084 2312 proposta
1110 2270 1197 2301 facta
1213 2278 1271 2310 per
1289 2269 1454 2310 prefatum
1483 2267 1695 2308 magnificum
1721 2267 1895 2297 dominum
1915 2264 2141 2298 Octavianum

325 2340 365 2371 de
393 2338 599 2373 lsimbardis,
626 2337 682 2377 qui
709 2336 794 2367 dixit
821 2335 911 2375 quod
939 2336 1127 2365 conventus
1153 2334 1268 2364 sancte
1295 2331 1468 2363 Mustiolle
1496 2331 1596 2361 liuius
1621 2330 1768 2361 civitatis
1786 2327 1890 2369 Papie
1916 2330 1967 2360 est
1993 2328 2144 2358 intotum

324 2401 505 2433 derelictus
531 2403 562 2432 et
590 2401 620 2430 in
647 2408 686 2430 eo
714 2407 779 2429 non
819 2397 946 2428 habitat
984 2397 1047 2428 nisi
1087 2404 1174 2427 unus
1211 2395 1316 2432 solus,
1344 2402 1403 2425 nec
1430 2394 1473 2424 ibi
1500 2393 1615 2424 divina
1641 2392 1863 2429 celebrantur,
1890 2399 1949 2422 nec
1975 2391 2144 2425 exoratur,

325 2472 385 2494 nec
410 2463 569 2499 defuncti,
595 2462 651 2501 qui
678 2461 835 2492 dotarunt
862 2459 1013 2499 capellas
1038 2458 1124 2489 dicte
1150 2458 1293 2489 ecclesie
1319 2465 1394 2488 cum
1421 2464 1521 2487 onere
1547 2454 1738 2486 celebrandi
1781 2454 1903 2484 missas
1940 2454 1970 2483 et
2006 2452 2071 2483 alia
2097 2452 2147 2482 di-

326 2526 414 2562 vina,
441 2525 587 2556 sentiunt
614 2524 806 2564 rogationes
845 2531 903 2553 nec
940 2522 1049 2552 anime
1075 2520 1262 2551 aleviantur
1287 2528 1305 2551 a
1332 2519 1428 2559 penis
1461 2518 1666 2558 purgatorii:
1694 2516 1771 2547 ldeo
1797 2516 1876 2546 dicit
1901 2515 1992 2555 quod
2019 2514 2143 2546 bonum

326 2590 417 2619 esset
442 2587 595 2627 deputari
623 2588 734 2626 patres
761 2585 867 2616 sancti
896 2583 989 2614 Pauli
1017 2583 1057 2614 ad
1085 2582 1302 2614 residentiam
1330 2581 1361 2612 in
1388 2580 1478 2611 dicto
1505 2579 1710 2610 monasterio
1737 2580 1767 2609 et
1794 2578 1919 2609 ibidem
1956 2576 2143 2608 exercenda

327 2650 423 2680 oficia
450 2652 479 2679 et
507 2649 630 2679 missas
656 2646 888 2679 celebrandas,
915 2652 946 2676 et
972 2645 1092 2676 civitas
1118 2644 1257 2675 multum
1284 2642 1458 2674 satisfacta
1484 2641 1679 2672 remanebit.
1716 2638 1851 2677 Quibus
1891 2639 2016 2670 auditis
2041 2641 2073 2670 et
2099 2639 2146 2669 in-

327 2711 468 2742 tellectis
493 2712 523 2740 et
550 2709 674 2740 habitis
701 2709 825 2739 debitis
851 2706 1172 2742 consultationum&
1199 2705 1348 2745 predicta
1387 2704 1562 2744 proposita
1589 2705 1623 2734 ut
1649 2711 1750 2742 supra
1787 2702 1965 2733 audientes
1990 2704 2020 2733 et
2046 2710 2145 2741 apro-

330 2774 458 2807 bantes.
477 2773 633 2803 ordinant
660 2771 749 2811 quod
776 2770 986 2810 supplicetur
1012 2768 1241 2799 illustrissimo
1266 2770 1296 2798 et
1322 2766 1610 2798 excellentissimo
1637 2764 1676 2796 D.
1703 2764 1742 2795 D.
1769 2764 1853 2795 Duci
1873 2767 1988 2795 nostro
2013 2766 2043 2795 et
2069 2772 2146 2795 san-

329 2836 482 2867 ctissimo
508 2833 547 2864 D.
575 2833 615 2864 D.
643 2832 794 2864 Pontifici
822 2835 851 2863 et
877 2831 955 2862 alibi
984 2831 1038 2861 ubi
1065 2830 1125 2861 erit
1150 2829 1339 2869 expediens
1366 2837 1425 2868 pro
1451 2827 1690 2858 substituendo
1716 2828 1828 2866 patres
1854 2827 1961 2858 sancti
1989 2825 2082 2857 Pauli
2111 2826 2142 2856 in

329 2897 420 2928 dicto
447 2896 652 2927 monasterio
678 2897 792 2926 sancte
820 2893 980 2924 Mustiole
999 2891 1059 2930 (l).

387 3054 404 3077 (l
436 3053 492 3074 Vcdi
509 3053 528 3073 la
546 3054 598 3073 nota
615 3052 635 3073 al
652 3052 792 3073 documento
808 3050 844 3071 del
860 3051 885 3071 22
900 3050 985 3075 giugno
1004 3049 1059 3070 1520.
