2305 3407
1942 188 1986 219 97

173 324 387 357 Gambarane
413 325 479 356 sint
504 324 590 355 iuste
615 322 694 354 facti
713 320 773 361 (l).
800 322 896 360 Quos
921 323 948 354 si
976 323 1083 353 iustos
1119 330 1194 353 esse
1233 322 1474 358 iudicaveritis,
1504 322 1761 362 approbabitis;
1788 323 1837 353 sin
1866 324 1987 360 minus,

172 387 385 419 revocabitis.
413 386 455 419 Ut
481 394 561 417 vero
587 387 700 416 nostra
727 385 786 416 hec
812 385 913 416 animi
953 385 1054 416 nostri
1093 384 1257 415 sententia
1294 384 1446 415 effectum
1485 384 1617 419 habeat,
1659 385 1871 416 decernimus
1898 394 1989 416 man-

171 449 360 489 damusque
387 449 517 488 utrique
544 449 691 478 vestrum
719 449 752 477 ut
779 447 809 477 in
836 447 952 487 spacio
979 446 1169 486 quindecim
1197 446 1323 477 dierum
1351 455 1368 476 a
1396 447 1516 477 noticia
1544 447 1766 486 presencium,
1785 448 1987 478 convenisse

173 511 326 542 debeatis
351 511 392 542 ad
420 519 485 541 rem
512 510 648 540 omnino
675 509 930 549 perficiendam;
958 509 1047 548 quod
1075 509 1100 540 si
1117 509 1198 540 alter
1213 511 1358 539 vestrum
1380 509 1410 538 in
1430 509 1665 548 preassignato
1692 510 1852 548 temporis
1871 511 1988 549 spacio

172 573 334 609 deffuerit,
360 573 433 603 loeo
459 573 531 603 eius
557 571 782 603 venerabilem
810 572 1004 611 magistrum
1032 571 1210 602 lohannem
1253 570 1470 601 Benedictum
1498 570 1741 602 Castilioneum
1763 572 1987 611 instituimus;

174 635 265 675 quod
291 636 317 666 si
345 635 375 665 in
403 634 540 665 totidem
566 634 693 665 dierum
720 634 836 673 spacio
862 634 942 664 alter
969 634 1107 665 istorum
1134 634 1296 670 detinerit,
1334 634 1417 664 lianc
1445 636 1591 664 nostram
1618 635 1848 665 auctoritatem
1875 635 1916 665 ad
1943 635 1990 666 al-

173 700 277 728 terum
304 697 411 728 solum
438 697 494 736 qui
522 696 619 727 fuerit
647 696 805 727 volumus
831 705 905 727 esse
933 696 1138 727 translatam.
1165 696 1369 726 Mandantes
1396 695 1495 726 vobis
1520 700 1549 726 et
1576 696 1641 726 alio
1661 697 1715 736 qui
1736 697 1797 727 lioc
1816 698 1986 736 negotium

174 758 447 799 prosequendum
475 758 686 798 susceperint
713 760 745 788 ut
771 767 788 789 a
815 760 981 789 conventu
1009 762 1122 789 sancte
1143 758 1314 789 Mustiolle
1329 767 1393 789 non
1410 758 1576 795 recedant,
1593 759 1655 788 nisi
1671 759 1828 789 omnibus
1845 759 1987 798 perfecte

172 821 384 857 examinatis,
409 821 565 861 cognitis,
593 820 759 858 iudicatis,
798 829 855 860 per
893 821 1161 860 sententiamque
1188 810 1420 861 promulgatis,
1447 821 1630 852 secundum
1659 820 1796 851 formam
1828 823 1992 852 constitu-

173 884 305 914 cionum
332 885 363 914 et
389 884 589 914 statutorum
617 883 720 913 nostri
747 882 897 919 Ordinis,
935 883 998 914 sub
1036 892 1121 923 pena
1159 883 1352 914 rebellionis
1390 886 1502 914 nostre
1527 885 1556 913 et
1583 883 1802 914 absolucione
1840 884 1988 914 omnium

171 945 346 986 graduum,
371 945 573 985 dignitatum
599 948 629 976 et
655 945 853 976 officiorum.
882 946 1087 976 Mandamus
1113 949 1283 986 postremo
1310 946 1468 976 omnibus
1495 945 1709 976 inferioribus
1749 947 1871 976 nostris
1897 947 1991 977 cniu-

173 1015 335 1047 scumque
360 1007 487 1047 gradus
513 1010 543 1038 et
568 1007 776 1038 conditionis
801 1008 960 1045 existant,
989 1012 1021 1038 nt
1048 1009 1078 1038 in
1106 1009 1168 1039 noc
1197 1017 1330 1038 munere
1357 1008 1583 1048 expediendO,
1611 1008 1709 1038 vobis
1736 1008 1787 1038 vel
1814 1009 1906 1039 alteri
1936 1018 1992 1040 ve—

172 1072 287 1107 strum,
312 1070 364 1100 cui
392 1070 538 1100 iudicare
564 1070 731 1105 acciderit,
759 1079 817 1109 pro
845 1071 988 1107 iusticia,
1014 1071 1222 1101 adamussim
1243 1072 1380 1109 pareant
1399 1070 1625 1109 obediantque
1645 1073 1814 1110 tamqnam
1846 1079 1989 1110 persone

174 1134 284 1162 nostre
311 1132 374 1162 sub
401 1132 498 1172 penis
523 1135 553 1162 et
579 1132 733 1163 censuris
760 1132 929 1172 predictis.
958 1132 1117 1163 Volentes
1144 1135 1175 1163 ut
1203 1132 1368 1172 quidquid
1398 1133 1427 1162 in
1456 1133 1519 1163 niis
1547 1132 1668 1162 factum
1695 1141 1770 1163 esse
1789 1133 1989 1173 contingerit

174 1194 273 1225 nobis
299 1194 516 1234 significetur,
543 1195 573 1224 in
601 1194 743 1225 Nomine
771 1193 879 1225 Patris
905 1198 935 1225 et
964 1194 1034 1225 Filii
1061 1198 1090 1225 et
1117 1193 1263 1234 Spiritus
1289 1193 1412 1226 Sancti.
1441 1195 1563 1225 Valete.
1591 1194 1664 1226 Dat.
1693 1194 1806 1229 Rome,
1834 1195 1903 1226 xvi
1933 1195 1989 1226 ka·

173 1256 292 1287 lendas
318 1255 487 1293 februarii,
518 1257 610 1291 1517,
638 1257 740 1287 nostri
768 1256 870 1287 officii
897 1257 961 1287 sul)
988 1257 1109 1297 sigillo.
1138 1256 1186 1287 Fr.
1215 1256 1356 1297 tigidius
1382 1256 1558 1288 Generalis
1585 1258 1755 1297 indignus.

953 1457 1213 1497 DCCLIX.

262 1565 433 1601 Religiosi
460 1565 682 1601 Agostiniani
708 1565 885 1602 promossi
911 1565 981 1601 agli
1007 1565 1130 1593 Ordini
1155 1566 1256 1594 sacri.

812 1687 964 1719 1517,
998 1694 1218 1719 nmarzO‚
1251 1687 1349 1713 27.

769 1776 846 1797 {Arcu
864 1776 944 1797 Notar.
961 1777 983 1797 di
1001 1776 1078 1798 Pavia.
1095 1788 1119 1790 —
1136 1777 1183 1798 Atti
1199 1777 1220 1797 di
1237 1776 1288 1797 Siro
1305 1777 1408 1799 Pescarii

244 1958 355 2076 O
418 1977 596 2005 RDlNATIO
621 1974 788 2014 generalis
814 1975 845 2005 in
872 1975 1015 2006 ecclesia
1041 1976 1223 2006 cathedrali
1252 1974 1356 2016 Papie
1382 1979 1412 2006 et
1438 1976 1479 2006 ad
1506 1976 1608 2008 altare
1636 1977 1744 2007 maius
1785 1978 1890 2008 sancti
1917 1976 1991 2009 Ste-

439 2035 518 2073 fani,
545 2038 634 2067 tenta
660 2045 761 2076 pen...
787 2035 912 2068 Galeaz
938 2038 978 2068 de
1005 2037 1155 2069 Baldo...
1181 2039 1379 2078 episcopum
1407 2038 1665 2070 tiberiadensem
1693 2039 1931 2079 sufraganeum
1958 2041 1989 2071 in

289 2132 321 2133 Ὺ
345 2090 413 2134 W}
440 2098 581 2129 ecclesia
607 2099 807 2139 papiensi....

266 2158 316 2190 Ad
343 2160 482 2199 primam
510 2162 693 2198 tonsuram,

265 2221 377 2253 Frater
403 2221 568 2253 Antonius
595 2223 635 2254 de
662 2222 768 2261 Ritiis,
794 2223 932 2256 Ordinis
959 2226 1064 2256 sancti
1093 2225 1272 2267 Augustini

267 2282 377 2314 Frater
402 2283 543 2324 Egidius
569 2285 609 2316 de
634 2283 806 2323 Conzano,
832 2285 971 2317 Ordinis
996 2287 1103 2318 sancti
1131 2287 1323 2327 Augustini.

267 2345 317 2376 Ad
344 2348 487 2386 quatuor
513 2347 669 2383 minores,

267 2407 378 2439 Frater
404 2407 571 2440 Antonius
595 2409 636 2440 de
664 2408 770 2446 Ritiis,
796 2408 934 2441 Ordinis
960 2412 1066 2442 sancti
1095 2410 1286 2452 Augustini.

235 2566 264 2591 (l)
280 2566 335 2587 Vedi
352 2566 365 2586 il
381 2566 522 2587 documento
545 2567 580 2587 del
609 2567 631 2587 13
652 2566 756 2587 taburnio
783 2567 840 2591 1516,
857 2573 868 2587 e
884 2567 961 2592 quello
977 2567 1012 2588 dcl
1029 2568 1053 2587 27
1110 2568 1200 2593 maggio
1214 2568 1270 2588 1517.

1960 3097 1984 3118 13
