2305 3407
1908 224 1967 256 107

155 357 346 390 Abbatibus
372 360 406 389 ut
431 357 617 398 intelligant
642 365 755 388 eorum
783 357 1035 397 requisitionem
1062 359 1103 395 et,
1129 366 1161 388 re
1188 357 1364 394 intellecta,
1392 357 1591 397 provideant
1618 359 1715 397 prout
1734 358 1783 388 eis
1803 358 1970 388 videbitur

154 422 185 452 et
211 420 377 461 quidquid
403 429 461 461 per
485 428 546 451 eos
571 419 782 450 ordinabitur
806 421 1003 460 exequatur.

243 473 406 505 Mandato
433 472 683 514 magnificorum
710 472 921 503 dominorum
947 471 1192 513 Deputatorum
1207 471 1319 503 otticio
1335 471 1572 503 Provisionum
1598 472 1744 503 civitatis
1771 471 1874 512 Papie
1890 473 1967 503 dent

155 538 186 567 et
210 536 343 567 solvant
369 536 573 576 quicumque
600 535 803 566 tnexaurarii
830 535 916 566 dicte
932 533 1157 567 Comunitatis
1172 537 1237 565 tam
1256 536 1429 575 presentes
1455 542 1554 574 quam
1582 533 1682 565 futuri
1709 536 1739 565 et
1764 535 1969 574 quicumque

156 598 320 630 habentes
345 600 375 629 et
402 598 432 629 in
458 597 604 628 futurum
633 596 805 628 habebunt
831 597 871 628 de
897 597 1044 628 denariis
1071 599 1160 628 tasse
1187 597 1264 627 novi
1291 596 1459 628 subsidii:

245 659 449 693 Reverendis
475 658 631 690 Patribus
656 659 804 690 dominis
832 658 1002 690 Fratribus
1028 662 1059 690 et
1086 659 1295 690 Monasterio
1321 659 1427 690 sancti
1455 658 1549 690 Pauli
1570 658 1708 690 Ordinis
1725 658 1967 690 Heremitarum

155 723 369 754 observantie
395 722 502 753 sancti
529 720 709 762 Augustini
736 724 829 752 extra
868 722 976 753 menia
1015 720 1129 762 Papie,
1170 724 1341 761 tamquam
1384 721 1565 752 heredibus
1602 721 1772 761 quondam
1811 720 1968 751 iohannis

156 784 242 817 Petri
268 785 309 817 de
336 784 528 816 Portalbera
554 784 730 815 creditoris
756 783 882 824 pretate
908 782 1135 816 Comunitatis
1160 784 1201 815 de
1224 784 1320 815 -libris
1335 793 1455 815 novem
1476 784 1590 824 imper.
1610 784 1640 814 in
1661 785 1752 823 parte
1768 792 1831 814 una
1847 783 1970 813 exbur-

134 848 217 880 satis
242 848 282 879 de
308 856 396 879 anno
421 855 520 878 curso
550 847 632 878 1512
658 847 721 877 sub
748 846 801 877 die
827 845 912 887 xxij
941 846 1020 877 lunii
1050 847 1157 886 ipsius
1183 847 1271 877 anni.
1314 846 1389 877 Item
1416 848 1447 878 et
1473 846 1537 877 sub
1563 830 1616 877 die
1642 845 1683 877 25
1710 845 1791 876 Iunii
1819 846 1849 876 in
1877 848 1968 885 parte

156 910 220 942 alia
246 910 286 941 de
313 910 406 941 libris
432 909 611 940 ducentum
639 909 772 949 triginta
798 909 932 940 duabus
958 917 1031 939 cum
1059 909 1197 939 dimidia
1235 909 1351 948 imper.
1378 907 1455 939 Item
1480 910 1511 939 et
1536 908 1723 939 eademmet
1748 907 1801 938 die
1828 907 1868 938 de
1894 907 1969 938 aliis

158 973 250 1004 libris
291 972 471 1003 ducentum
514 972 630 1012 viginti
673 972 779 1002 tribus
804 980 878 1002 cum
906 971 1044 1002 dimidia
1072 971 1186 1011 imper.
1213 973 1244 1002 et
1269 971 1317 1001 sic
1344 971 1374 1001 in
1413 979 1544 1001 summa
1578 978 1783 1001 summarum
1810 970 1850 1000 de
1878 969 1972 1000 libris

155 1036 445 1076 quattuorcentum
488 1035 666 1075 sexaginta
708 1035 857 1074 quinque
901 1034 1015 1074 imper.
1043 1034 1083 1065 de
1110 1033 1235 1073 quibus
1277 1032 1404 1073 prefate
1445 1031 1650 1064 Comunitati
1678 1032 1836 1063 subvenit
1862 1032 1972 1062 dictus

156 1097 326 1138 quondam
354 1096 520 1128 Iohannes
546 1095 664 1127 Petrus
690 1098 838 1136 tempore
864 1096 1032 1127 adventus
1060 1095 1274 1133 Elvetiorum,
1306 1097 1403 1135 prout
1429 1096 1569 1135 apparet
1596 1103 1699 1134 super
1725 1094 1829 1131 libris,
1844 1095 1904 1125 etc.
1932 1093 1970 1124 Et

156 1160 215 1191 hec
240 1159 352 1190 onmia
378 1168 438 1199 pro
464 1159 677 1190 restitucione
703 1159 915 1189 denariorum
942 1158 1179 1198 predictorum,
1216 1160 1276 1188 ete.
1303 1157 1541 1194 Bernardinus‚
1568 1157 1776 1188 Laurentius.
1804 1156 1969 1187 lohannes

158 1222 307 1262 Angelus
333 1222 374 1252 de
400 1221 557 1261 Georgiis
582 1219 748 1253 Comunis
775 1220 898 1261 Papiae
924 1220 1145 1251 cancellarius
1172 1220 1305 1260 scripsi.

878 1420 1245 1461 DCCLXXIV.

245 1533 272 1560 11
299 1532 460 1568 Capitolo
487 1532 520 1559 di
547 1532 582 1559 S.
611 1531 777 1559 Mostiola
804 1531 848 1558 da
875 1530 1082 1558 investitura
1109 1530 1143 1558 di
1169 1538 1235 1557 una
1263 1539 1346 1557 casa
1373 1530 1406 1557 in
1433 1530 1556 1557 Pavia.

829 1652 972 1683 1519,
1004 1652 1208 1683 anpriLe,
1240 1652 1292 1676 9.

719 1742 796 1763 (Aren.
814 1742 892 1762 Notar,
910 1741 931 1761 di
950 1741 1018 1761 Patria
1035 1752 1058 1754 -
1076 1741 1122 1761 Atti
1139 1741 1159 1760 di
1177 1740 1278 1766 ippolito
1294 1740 1412 1760 Memmi».

261 1926 306 2040 I
402 1945 425 1970 N
451 1938 609 1980 Capitulo
636 1940 829 1971 monasterii
855 1942 970 1971 sancte
996 1939 1170 1971 Mustiolle
1198 1938 1346 1979 papie...
1373 1937 1572 1970 Convocato
1598 1936 1801 1977 Capitulo....
1822 1938 1861 1968 de
1882 1946 1971 1967 man-

425 2003 503 2034 dato
530 2003 702 2033 reverendi
730 2003 854 2033 domini
882 2002 993 2033 fratris
1020 2002 1171 2033 leronimi
1200 2001 1239 2032 de
1266 2001 1474 2032 Bastonibus
1502 2001 1661 2031 vicarii...
1702 2009 1775 2030 eum
1804 2000 1971 2040 presentia

396 2089 397 2092 ,
425 2067 455 2095 et
480 2073 695 2095 consensu...
722 2064 847 2095 domini
891 2064 1001 2095 fratris
1043 2063 1222 2104 Augustini
1250 2064 1289 2094 de
1317 2063 1515 2104 Maynardis
1543 2063 1778 2103 pedemontani
1806 2062 1971 2102 guberna-

156 2126 238 2156 toris
263 2135 320 2157 seu
348 2126 485 2157 rectoris
511 2125 687 2156 Provincie
713 2125 852 2157 Ordinis
878 2127 982 2157 sancti
1011 2126 1200 2166 Augustini,
1228 2126 1258 2156 in
1285 2135 1352 2165 quo
1380 2126 1514 2165 quidem
1531 2124 1678 2164 capitulo
1694 2124 1870 2155 fuerunt...
1897 2133 1970 2154 cum

158 2188 251 2219 eis...
279 2188 490 2219 venerabiles
516 2190 628 2228 patres
655 2190 684 2218 et
710 2188 835 2218 domini
863 2188 962 2219 trater
988 2187 1153 2219 Iohannes
1181 2187 1347 2218 Antonius
1373 2187 1413 2218 de
1441 2186 1557 2227 Papia,
1583 2186 1681 2217 frater
1708 2186 1911 2217 Benedictus
1929 2186 1970 2216 de

158 2249 268 2287 lanua,
294 2249 394 2281 frater
420 2249 609 2289 Apolonius
635 2251 674 2280 de
702 2249 906 2290 Arigonibus
933 2252 962 2280 et
988 2249 1089 2281 frater
1115 2250 1269 2281 NiciioHa
1296 2250 1336 2281 de
1363 2249 1478 2289 Papia,
1500 2248 1558 2289 ριίὶ
1583 2249 1617 2279 <ii
1641 2249 1702 2279 due
1728 2249 1808 2279 terzi
1830 2248 1883 2279 del
1909 2247 1971 2279 Ca-

152 2311 267 2352 pI'tolo,
294 2312 404 2342 ιίάηιιο
430 2312 619 2342 investitura
641 2313 798 2351 perpetuu
825 2320 843 2341 a
872 2310 1025 2343 Caterinu
1052 2311 1189 2347 Benusi,
1216 2312 1336 2351 moglt'e
1362 2312 1396 2342 di
1422 2311 1508 2343 Gran
1534 2311 1641 2341 Maria
1668 2310 1823 2347 Ros-serti,
1849 2310 1882 2340 cli
1906 2318 1971 2340 una

158 2382 238 2404 cusa
264 2374 295 2404 in
321 2373 437 2408 Puviu.
465 2374 495 2404 ιή
522 2373 622 2404 Pom]
648 2372 841 2410 Pulueense,
865 2373 1059 2413 parrocclzm
1084 2374 1118 2404 di
1143 2372 1174 2405 S.
1202 2374 1343 2404 Martino
1362 2373 1454 2413 fuori
1467 2375 1574 2413 portu,
1597 2381 1656 2412 pet·
1678 2371 1820 2412 l'uffitto
1839 2406 1843 2410 ⁵
1862 2380 1970 2402 cllmlw

157 2427 191 2457 di
214 2426 270 2458 lire
295 2427 357 2458 due
382 2436 398 2457 e
424 2435 537 2457 mezzo
563 2426 726 2466 imperiali
742 2424 802 2464 (1).

211 2584 241 2607 (1)
256 2584 282 2604 Αἰ
298 2584 322 2604 2⁴
339 2584 424 2609 giugnu
440 2584 475 2604 del
495 2584 544 2604 1510
559 2584 572 2603 il
589 2584 696 2609 Cupitum
713 2583 733 2603 (11
751 2583 772 2603 S,
791 2583 910 2606 Mustioiu,
935 2583 1035 2603 turmam

159 2629 195 2649 del
212 2628 289 2648 Priore
305 2628 363 2648 frate
379 2628 505 2648 Ottnvmnn
522 2629 623 2648 visconti
641 2635 651 2647 (-
668 2628 702 2647 dci
721 2628 771 2647 [ruti
789 2628 912 2648 (jeromine
938 2628 1032 2647 Bustnni

161 2673 259 2697 Vicario,
277 2673 405 2693 Benedetto
431 2673 458 2693 du
484 2674 586 2695 (jenovii.
613 2673 735 2698 Apuli-mio
753 2673 856 2695 Arrignni
883 2673 910 2692 ed
936 2672 1035 2692 Antonio

162 2718 391 2743 d'Acquapemienre,
407 2720 577 2738 costituiscono
593 2718 641 2737 iuro
665 2721 808 2743 procuratori
832 2717 890 2737 fruit·
913 2718 1036 2737 (ictui-nnn

163 2762 265 2786 Bastoni,
281 2763 295 2782 ii
311 2763 415 2783 Maestro
431 2762 488 2783 irate
506 2763 582 2783 i’ietro
598 2763 626 2783 dc
642 2762 733 2783 Cane-lis
749 2770 760 2783 e
776 2762 833 2782 irate
852 2762 908 2783 Gian
933 2762 1033 2782 Antonio

162 2806 265 2830 Quarum
282 2812 321 2832 per
337 2807 357 2827 la
373 2807 546 2832 compositione
562 2807 620 2827 delle
636 2808 794 2827 controversie
810 2807 844 2827 cui
861 2807 952 2827 tittabiii
977 2807 1035 2827 dene

163 2850 275 2871 Monacne
291 2851 311 2871 di
328 2851 350 2872 S.
368 2851 469 2872 Martino
494 2852 515 2872 in
542 2852 617 2872 i’ietra
642 2853 687 2872 lata
713 2858 752 2877 per
776 2851 886 2872 l'ereditt'i
910 2852 945 2871 del
968 2855 1035 2872 eunte

162 2894 314 2916 Gambarana
332 2896 414 2916 L'atto
430 2896 441 2917 ok
457 2898 539 2921 rogato
555 2897 583 2917 da
600 2897 725 2921 Ambrogio
746 2896 847 2917 Beretta.

215 2938 240 2959 Αἰ
259 2939 281 2959 18
296 2939 374 2965 lugiio,
389 2946 432 2961 con
448 2942 498 2961 atio
514 2941 574 2962 neno
583 2943 661 2962 stesso
672 2942 759 2965 notaio,
769 2941 783 2961 il
795 2940 903 2966 Capitolo
914 2942 1038 2966 composti>

164 2982 199 3002 del
215 2983 325 3004 suddetto
342 2984 419 3006 Priore
435 2985 493 3006 irate
509 2985 635 3006 Ottaviano
651 2986 753 3007 Visconti
770 2991 782 3006 e
798 2985 833 3006 dei
850 2985 957 3010 Religicsi
973 2990 1038 3006 sacre

1091 2584 1206 2607 theologie
1223 2584 1333 2609 magister
1349 2583 1419 2603 irater
1435 2583 1633 2607 Mlcimeinngelus
1642 2583 1669 2603 (1(-
1680 2583 1756 2606 Petra.
1773 2583 1842 2603 irater
1855 2582 1966 2602 iohannes

1090 2628 1193 2648 Andron>
1209 2628 1237 2648 de
1253 2628 1336 2652 Brixia,
1353 2628 1423 2648 trater
1440 2628 1586 2648 Hierommus
1602 2628 1629 2647 de
1646 2628 1711 2652 Aqun
1738 2627 1852 2652 pendenti·
1874 2627 1923 2648 tsic'
1945 2630 1965 2647 et

1090 2672 1160 2692 trater
1176 2673 1304 2697 Apoionins
1320 2672 1348 2692 dc
1364 2672 1512 2697 Arigonibns,
1529 2672 1566 2697 piu
1583 2672 1604 2692 di
1621 2672 1666 2692 due
1682 2672 1737 2692 term
1754 2672 1790 2692 del
1802 2672 1918 2697 Capitoli),
1934 2674 1955 2691 nt

1092 2719 1156 2737 tento
1172 2717 1234 2742 quod
1250 2717 1286 2737 alii
1303 2717 1386 2737 tratres
1411 2717 1501 2737 ruerunt
1518 2719 1539 2737 et
1556 2718 1609 2737 sunt
1633 2717 1744 2737 absentes
1761 2722 1802 2741 pro
1825 2717 1967 2741 inquirendi>

1090 2762 1231 2786 elemoxinis,
1254 2762 1377 2782 annulinnn
1400 2768 1411 2782 (-
1433 2767 1532 2782 cassano
1557 2767 1703 2787 quecumque
1718 2763 1769 2781 :ictu
1786 2765 1807 2781 et
1823 2761 1910 2785 agitata
1928 2767 1962 2785 pii

1091 2806 1208 2826 dominum
1224 2806 1317 2826 tratrem
1335 2806 1408 2826 David
1424 2806 1452 2826 de
1468 2806 1569 2826 Artamis
1586 2808 1704 2831 tamquam
1721 2805 1811 2825 nuiiitcr
1827 2807 1849 2825 et
1866 2804 1967 2825 indebite

1091 2853 1112 2871 et
1129 2856 1169 2875 per
1185 2852 1262 2876 ipsum
1279 2856 1323 2871 non
1340 2851 1462 2871 habentem
1479 2850 1579 2875 aliquem
1596 2850 1771 2870 muniminum„
1795 2850 1864 2872 tacta,
1886 2853 1965 2869 coni-n

1091 2896 1211 2916 iohannem
1223 2894 1315 2915 Petrum
1331 2895 1359 2915 de
1375 2895 1464 2916 Carnus
1480 2897 1501 2915 et
1519 2895 1666 2915 Laurentium
1683 2894 1710 2914 de
1731 2894 1838 2919 Regibus,
1856 2900 1876 2913 in
1893 2899 1964 2918 mein

1094 2940 1177 2960 dicium
1194 2940 1229 2960 dei
1245 2941 1378 2960 monastero
1395 2940 1415 2959 di
1432 2939 1454 2960 S.
1472 2939 1573 2960 Mnrtino
1590 2940 1610 2959 in
1628 2939 1703 2959 Pieira
1725 2939 1770 2959 litii!
