2305 3407
1928 165 1988 197 163

173 298 381 329 calamitosis
406 300 472 330 tam
498 298 636 338 penurie
673 306 773 338 quam
812 298 987 336 bellorum,
1013 307 1028 329 e
1053 300 1179 329 trovato
1205 307 1225 329 α
1250 299 1373 338 quanto
1399 298 1540 329 ascende
1565 298 1588 329 il
1611 307 1671 329 suo
1697 299 1826 335 credito,
1850 308 1910 339 per
1928 308 1991 340 po-

173 359 269 399 garlo
303 360 354 399 gli
388 359 513 391 ceclono
552 360 616 391 vita
652 368 713 391 suci
750 359 886 391 damase
924 360 1125 399 venticinque
1157 359 1302 400 pem‘clze
1327 359 1362 391 di
1385 361 1468 390 terra
1505 359 1624 390 colliva
1650 360 1681 391 ln
1712 359 1807 391 Τοῖ’-ε
1832 360 1886 391 dei
1910 360 1990 392 Sac-

173 421 273 452 chetti
295 421 371 453 dell'
387 421 531 462 Oltrepo.

261 483 357 515 Nello
382 486 488 515 stesso
512 483 666 524 capitolo,
693 492 753 515 con
779 486 846 515 atto
872 484 958 515 dello
994 486 1099 515 stesso
1124 484 1245 519 notato,
1273 483 1296 515 il
1321 483 1431 515 Priore
1456 493 1472 515 e
1497 483 1705 515 Provi'nci'cile
1741 486 1882 515 tuaestro
1901 484 1991 525 frate

172 543 281 575 Pletro
307 544 347 576 de
374 543 531 582 Canellis,
560 554 687 576 memor
713 545 897 577 voluntatis
923 548 954 576 et
980 546 1224 585 disposicionis
1251 555 1338 577 nunc
1365 546 1536 586 quondam
1555 546 1682 576 domini
1709 545 1821 577 fratris
1848 546 1990 577 Floriani

170 606 211 637 de
237 605 500 644 Quartironibus
525 607 566 638 de
592 605 769 643 Cremona,
798 607 942 648 professi
981 608 1060 639 dicti
1099 607 1248 646 Ordinis,
1275 608 1331 648 qui
1358 617 1375 639 a
1402 608 1501 639 certis
1527 608 1645 648 paucis
1678 608 1800 640 diebus
1825 609 1905 640 citra
1932 609 1990 640 de-

171 669 274 700 cessit
300 669 331 699 in
359 669 563 700 monasterio
589 668 695 700 Vallis
721 668 873 701 Sasine...
901 670 1025 701 relictis
1051 672 1129 710 post
1155 679 1190 701 se
1216 671 1316 702 certis
1354 671 1453 702 bonis
1479 670 1664 702 mobilibus
1690 672 1721 702 et
1747 671 1990 709 immobilibus,

170 732 202 761 et
227 731 305 770 quia
332 731 372 762 de
400 732 468 762 iure
494 733 525 762 et
551 740 591 762 ex
618 732 772 762 ordinum
800 732 877 763 dicti
905 731 1044 763 Ordinis
1069 733 1302 772 disposicione
1344 733 1421 764 talia
1461 733 1547 764 bona
1582 742 1640 773 per
1678 733 1797 764 fratres
1824 733 1902 764 dicti
1930 732 1992 765 Or-

171 793 260 824 dinis
286 793 412 831 relicta,
438 793 653 833 disponenda
679 796 710 824 et
735 794 938 834 applicanda
965 796 1043 825 sunt
1069 803 1127 834 per
1154 793 1398 826 Provincialem
1426 795 1503 826 dicti
1530 794 1670 826 Ordinis
1696 795 1760 826 sub
1786 795 1883 826 cuius
1911 794 1992 826 Pro-

172 855 282 886 vincia
309 855 419 895 ipsum
462 856 701 887 monasterium
743 856 901 887 existit...
941 856 1091 897 prefatus
1132 856 1290 887 dominus
1332 855 1589 888 Provincialis...
1633 857 1721 888 bona
1763 858 1837 898 ipsa
1878 858 1991 889 onmia

171 917 285 949 relicta
312 926 370 958 per
395 918 521 949 dictum
547 918 719 949 domiuum
761 918 895 950 tratrem
939 918 1129 950 Florianum
1170 918 1367 959 applicavit,
1395 919 1501 950 univit
1527 921 1557 950 et
1584 919 1846 960 incorporavit...
1874 929 1992 951 mona-

170 980 271 1011 sterio
297 980 403 1011 sancti
431 979 610 1020 Augustini
638 979 753 1020 papie.
771 979 1176 1020 (211111ιί1ειιρίίοΙαΓηιεηιέ
1200 981 1391 1021 sieleggea
1407 981 1621 1013 Procuratore
1646 981 1779 1013 fratrem
1808 981 1987 1013 loliannem

171 1041 352 1073 Antonium
379 1042 419 1073 de
446 1041 645 1073 Mediolano
666 1050 728 1082 per
745 1042 902 1082 prendere
924 1051 1082 1083 possesso
1108 1043 1143 1074 cli
1167 1043 1227 1075 tali
1251 1042 1402 1082 beni(l).

930 1243 1230 1283 DCCCXLI.

258 1359 364 1387 Frate
390 1359 564 1395 Agostino
590 1360 766 1388 Mainardi
793 1361 810 1388 e
836 1365 956 1389 creato
982 1361 1154 1389 cittadino
1179 1369 1323 1397 pavese‚

791 1482 942 1513 1531,
975 1483 1240 1514 mag-gio,
1274 1483 1364 1508 22.

541 1570 616 1592 (Ascli.
634 1570 669 1590 del
687 1570 770 1590 Museo
787 1570 835 1591 Civ.
853 1570 874 1590 di
891 1570 952 1591 Stor.
970 1569 1032 1591 Patr.
1048 1582 1072 1584 —
1090 1570 1164 1591 Pacco
1180 1571 1327 1592 Ammim'str.
1345 1572 1455 1598 Martii-ip.
1475 1572 1587 1593 ison-1533
1604 1589 1607 1592 ,

184 1757 185 1812 l
273 1754 321 1869 I
416 1772 440 1798 N
463 1768 600 1798 civitate
626 1766 741 1807 Papie,
767 1767 923 1798 videlicet
949 1768 980 1798 in
1006 1776 1136 1799 camera
1163 1768 1193 1799 in
1221 1776 1287 1808 qua
1313 1768 1428 1799 fiunt...
1454 1766 1608 1800 Consilia
1627 1770 1657 1800 et
1677 1767 1897 1800 Provisiones
1923 1768 1990 1801 Co-

183 1820 185 1838 ⁴
439 1830 549 1861 munis
576 1830 663 1861 dicte
689 1830 868 1861 civitatis...
896 1828 1097 1862 Convocato
1123 1830 1246 1861 ibidem
1274 1832 1304 1862 et
1329 1825 1534 1871 congregato
1561 1831 1705 1862 consilio
1732 1831 1988 1871 magnificorum

183 1875 185 1904 ξ
396 1929 403 1930 .
438 1892 627 1924 Duodecim
655 1891 899 1933 Deputatorum
937 1892 1049 1924 officio
1091 1892 1328 1924 Provisionum
1355 1893 1443 1923 dicte
1469 1893 1616 1924 civitatis
1651 1891 1765 1933 Papie,
1792 1895 1875 1924 etc...
1901 1891 1990 1925 Con-

167 1956 303 1987 stitutus
330 1956 535 1987 reverendus
561 1956 719 1986 dominus
744 1955 843 1986 frater
859 1954 1070 1996 Augustinus
1089 1956 1129 1986 de
1149 1955 1463 1996 May11a1·dis‚t‘ilius
1482 1955 1652 1995 quondam
1672 1955 1798 1985 domini
1820 1955 1987 1993 lobannis,

167 2017 208 2048 de
235 2016 422 2054 Quadralio
448 2016 677 2055 Pedemontis,
715 2016 854 2048 Ordinis
891 2017 997 2048 sancti
1036 2016 1215 2058 Augustini
1235 2014 1296 2057 (2),
1323 2017 1378 2057 qui
1407 2017 1575 2047 humiliter
1612 2017 1737 2048 ibidem
1775 2019 1805 2048 et
1842 2018 1987 2057 genibus

167 2079 267 2111 flexis
293 2080 373 2120 petit
399 2082 430 2111 et
456 2080 665 2119 requisivit...
692 2088 727 2110 se
752 2080 859 2110 civem
887 2080 974 2111 dicte
1001 2080 1148 2111 civitatis
1176 2079 1279 2120 Papie
1305 2079 1441 2110 creari...
1468 2081 1499 2110 et
1525 2079 1649 2110 habitis
1676 2088 1779 2119 super
1812 2080 1988 2119 premissis

166 2141 251 2172 inter
277 2141 426 2181 prefatos
451 2142 609 2172 dominos
636 2140 827 2181 Deputatos
852 2141 978 2172 debitis
1004 2142 1322 2178 consultationibus,
1348 2141 1590 2172 consuluerunt
1617 2141 1792 2172 unanimes
1807 2143 1837 2172 et
1857 2142 1987 2172 nemine

169 2203 393 2244 discrepante,
422 2203 637 2244 requisicioni
665 2203 812 2243 predicte
838 2203 908 2234 fore
934 2204 1150 2234 annuendum
1178 2204 1358 2243 ipsumque
1386 2203 1605 2234 reverendum
1647 2203 1819 2233 dominum
1848 2202 1980 2234 fratrem

223 2369 253 2393 (l)
269 2369 294 2390 Αἰ
310 2370 336 2390 25
351 2369 443 2394 maggio
468 2374 510 2390 con
535 2371 586 2389 atto
611 2370 693 2394 rogato
710 2369 737 2389 da
754 2368 811 2389 Gian
836 2368 978 2389 Bel-nardino
994 2368 1052 2389 della

169 2412 234 2439 Ripa,
249 2413 293 2433 sub
309 2413 400 2438 porticu
423 2413 523 2434 interiori
535 2413 668 2434 monasterii
679 2413 752 2433 sancti
763 2413 885 2437 Augustini
895 2416 917 2433 et
927 2418 999 2438 prope
1009 2413 1047 2433 lio-

170 2457 240 2478 stium
250 2457 390 2478 refectorii...
401 2459 530 2478 convocato
540 2457 668 2482 capitulo...
681 2457 708 2478 de
720 2457 854 2478 mandato...
866 2457 995 2483 magistri...
1005 2457 1048 2478 tra-

171 2502 213 2523 tris
225 2501 285 2523 Petri
302 2502 330 2523 de
346 2501 446 2523 canelus
465 2502 577 2523 l'rioris...
594 2503 615 2523 in
632 2508 679 2528 quo
702 2502 794 2528 quidem
810 2502 913 2528 capitulo
929 2502 1046 2523 fuerunt..,

171 2546 276 2572 pret-”itus
291 2547 399 2568 dontinus
416 2546 506 2568 Prior...
524 2547 635 2572 magister
657 2547 750 2568 Gabriel
766 2547 793 2567 de
811 2547 889 2572 l‘apia,
912 2547 983 2568 trater
999 2548 1051 2568 For-

173 2592 269 2612 tunatus
293 2591 321 2612 de
346 2590 436 2612 Ceranu
458 2591 539 2617 tector,
562 2591 633 2612 trater
655 2591 816 2612 Cliristotorus
831 2591 859 2611 de
876 2591 955 2617 Papia,
980 2591 1051 2612 trater

171 2635 311 2656 Laurencius
326 2635 354 2656 de
371 2635 450 2661 Papia,
467 2635 538 2656 trater
554 2636 663 2656 Nicotaus
680 2635 707 2656 de
724 2636 803 2660 Lenta,
819 2636 890 2656 trater
907 2636 1005 2656 lacobus
1020 2636 1048 2656 de

170 2680 252 2700 sancto
268 2679 375 2704 Nazario.
392 2679 463 2700 trater
478 2680 580 2705 Angelus
596 2679 624 2700 de
640 2680 784 2705 Mediolano,
800 2679 870 2700 trater
886 2679 1049 2705 simplicianus

171 2722 199 2743 de
215 2722 328 2748 Picitono.
345 2723 457 2745 facientes
472 2725 547 2745 totum
564 2725 586 2745 et
602 2724 716 2749 integrum
740 2724 882 2749 Capitulum,
899 2724 1011 2745 vcudonsi
1027 2724 1048 2745 al

171 2767 248 2788 nobile
274 2767 332 2788 (Ji-'ln
357 2767 436 2789 Nicola
462 2768 585 2789 Fiamberti
602 2768 638 2789 del
654 2768 675 2789 111
693 2768 750 2789 Gian
766 2768 879 2793 Agostino
895 2768 976 2789 alcuuc
992 2770 1052 2789 tcrrc

171 2810 192 2831 111
208 2810 301 2837 Turago
317 2811 433 2837 Bordone‚
449 2812 486 2837 gia
502 2813 599 2833 lasciate
615 2813 635 2833 al
652 2815 768 2833 convento
792 2813 820 2833 da
846 2812 962 2834 Galeazzo
978 2813 1051 2833 Fiam-

172 2854 239 2880 berti,
256 2860 296 2881 per
312 2855 351 2876 iire
366 2856 406 2877 300
421 2856 542 2882 imperiali.

225 2899 250 2920 Α1
266 2900 292 2921 23
305 2902 398 2926 agusto,
414 2906 457 2922 con
471 2903 523 2922 atto
538 2901 560 2922 di
577 2901 634 2922 Gian
650 2902 745 2922 Alberto
761 2901 871 2923 Morasco
887 2902 909 2922 lo
924 2904 1002 2923 stesso
1013 2907 1050 2923 ca-

173 2943 246 2969 pitolo
261 2950 304 2965 ove
314 2944 326 2965 e
341 2945 413 2966 anche
435 2945 506 2966 trater
527 2946 670 2972 Seraphinus
685 2946 714 2967 de
729 2948 811 2968 sancto
831 2947 927 2973 Angelo,
943 2952 1008 2968 coine
1024 2947 1051 2967 ri-

171 2988 234 3009 suita
249 2988 277 3009 da
295 2994 323 3009 un
339 2990 389 3010 atto
405 2989 440 3010 del
456 2990 482 3010 22
496 2991 581 3016 agusto
597 2992 679 3016 rogato
694 2991 722 3012 da
738 2990 815 3012 Guido
831 2991 956 3017 Mangano,
973 2991 1001 3012 da
1017 2991 1048 3011 111-

174 3032 286 3054 vestitura
310 3035 422 3060 perpetua
438 3034 460 3055 di
477 3039 520 3055 una
545 3035 613 3060 vigna
629 3035 650 3056 di
666 3035 679 3057 Β
694 3036 797 3062 perticlic
813 3036 834 3057 111
850 3035 968 3057 Sartirana
984 3042 996 3057 a
1013 3035 1048 3056 Ni-

1108 2369 1157 2389 cola
1174 2368 1226 2389 Sala
1243 2374 1283 2394 per
1299 2368 1399 2389 l’altitto
1415 2374 1491 2389 annuo
1508 2369 1528 2389 di
1545 2369 1585 2389 lire
1600 2369 1619 2388 -1,

1155 2414 1185 2436 (2)
1203 2413 1231 2434 La
1247 2413 1287 2434 citt
1298 2413 1404 2433 idinanza
1422 2419 1507 2438 pavese
1523 2419 1634 2434 concessa
1643 2419 1655 2433 :1
1665 2413 1723 2434 tnnc
1739 2413 1852 2439 Agostino
1868 2414 1982 2435 Mainardi

1103 2463 1140 2478 era
1156 2460 1218 2478 stata
1234 2457 1262 2478 da
1279 2458 1308 2478 lui
1326 2458 1432 2479 ricliiesta
1449 2463 1489 2483 per
1505 2459 1593 2483 potere.
1611 2458 1713 2479 secondo
1728 2458 1757 2483 gli
1773 2458 1856 2479 statuti
1868 2459 1982 2479 comunali

1104 2502 1124 2522 di
1143 2501 1220 2527 Paria,
1243 2502 1363 2528 acquistar
1387 2503 1437 2523 beni
1454 2502 1512 2523 nella
1528 2502 1584 2523 cittii
1600 2508 1612 2522 e
1628 2508 1670 2523 suo
1694 2503 1817 2523 territorio.
1843 2502 1923 2523 Dilatti
1940 2509 1982 2524 con

1106 2548 1156 2567 atto
1173 2552 1228 2572 pure
1245 2547 1279 2567 del
1296 2548 1321 2567 22
1337 2547 1428 2572 niaggio
1446 2547 1503 2572 1531,
1519 2550 1602 2571 rogato
1619 2547 1655 2567 dal
1672 2547 1750 2568 notaio
1766 2548 1824 2568 Gian
1841 2548 1983 2568 Bernardino

1106 2591 1165 2611 della
1182 2591 1246 2616 Ripa,
1263 2591 1405 2612 reverendus
1427 2596 1492 2612 sacre
1514 2591 1631 2616 theologie
1655 2592 1764 2617 magister
1789 2592 1897 2612 domiuus
1913 2592 1983 2613 trater

1104 2636 1249 2661 Augustinus
1265 2636 1293 2656 (le
1309 2636 1469 2662 Maynardis...
1486 2636 1658 2661 presentialiter
1681 2642 1767 2657 moram
1791 2637 1884 2657 traliens
1900 2637 1920 2657 111
1937 2643 1983 2657 ino-

1104 2680 1206 2701 uasterio
1222 2680 1296 2700 sancti
1313 2680 1435 2706 Augustini
1453 2680 1531 2706 Papio,
1547 2686 1656 2705 corripera
1671 2681 1754 2701 alcime
1770 2683 1829 2701 terre
1839 2686 1851 2701 a
1861 2680 1932 2702 Costa
1942 2681 1983 2702 Ca-

1104 2724 1190 2745 roliaua
1207 2724 1242 2745 nel
1258 2724 1399 2745 Siccomario
1416 2730 1456 2750 per
1471 2725 1491 2745 le
1506 2725 1590 2745 sorello
1611 2725 1724 2745 Andreina
1741 2731 1752 2746 e
1768 2725 1910 2749 Masulis-*rita
1927 2725 1983 2745 Mai-

1108 2769 1171 2789 nardi
1182 2768 1269 2789 deloco
1285 2768 1411 2793 Quadrallii
1428 2767 1569 2789 taurinensis
1585 2769 1685 2790 diocesis
1701 2775 1775 2795 nuper
1790 2771 1926 2795 πει-11111135
1942 2776 1982 2790 scu

1105 2815 1197 2834 creatas
1213 2813 1233 2833 in
1249 2813 1312 2834 cives
1329 2814 1461 2838 papienses.

1155 2858 1179 2878 Αἰ
1196 2858 1221 2878 28
1237 2858 1362 2878 novembre
1384 2863 1426 2879 con
1452 2864 1481 2879 un
1506 2859 1565 2883 atto,
1591 2860 1673 2884 rogato
1700 2858 1727 2879 tlss
1751 2858 1874 2879 Gerolamo
1891 2858 1981 2883 (31111113,

1104 2902 1162 2923 frate
1185 2902 1298 2927 Agostiuo
1323 2901 1447 2927 Mainardi,
1472 2903 1513 2923 elie
1529 2903 1550 2923 in
1567 2903 1620 2928 quel
1645 2904 1724 2928 tempo
1749 2903 1867 2923 diinurava
1885 2903 1983 2922 nelcou·

1106 2948 1175 2967 vento
1191 2946 1212 2966 di
1228 2945 1250 2967 S.
1269 2946 1389 2971 Mostiola,
1413 2946 1504 2967 uomina
1527 2952 1570 2967 suo
1593 2948 1744 2972 procuratore
1767 2946 1780 2966 il
1804 2946 1879 2967 nobile
1895 2946 1982 2972 Spirito

1104 2990 1198 3012 Benessi
1215 2990 1243 3011 de
1259 2990 1394 3015 Quadrallio
1411 2996 1450 3016 per
1466 2990 1566 3012 vendere
1581 2991 1656 3012 alcimi
1673 2991 1723 3012 beni
1740 2991 1761 3011 111
1778 2991 1829 3016 quel
1846 2991 1923 3015 luogo.
