2305 3407
1905 226 1941 257 61

132 367 217 390 eo....
243 358 370 389 domini
397 357 498 389 frater
516 357 670 389 Andreas
696 358 737 389 de
764 357 875 390 lanua,
894 357 994 388 frater
1012 356 1221 389 Octavianus
1239 357 1280 388 de
1299 356 1564 388 vicecomitibus
1582 354 1643 396 (1),
1670 357 1769 388 frater
1788 358 1950 389 Marchus

133 421 174 452 de
200 419 392 458 Gavarinis,
418 419 518 451 frater
544 419 748 451 Benedictus
774 420 815 451 de
841 419 1010 457 Terdona,
1036 418 1137 451 frater
1162 418 1355 450 Alexander
1380 419 1421 450 de
1448 418 1644 459 Aliprandis
1670 422 1700 450 et
1726 419 1826 451 frater
1863 420 1953 451 Nlar-

134 483 218 514 chus
244 483 284 514 de
311 482 481 522 Bestagno
507 482 548 513 de
573 481 760 513 Tinellis....
787 481 991 513 facientes...
1019 481 1096 522 plus
1122 490 1221 521 quam
1241 481 1327 512 duas
1346 483 1458 521 partes
1476 490 1517 511 ex
1537 481 1644 512 tribus
1662 481 1742 512 dicti
1769 482 1951 522 capituli...

135 545 283 576 ricevono
320 544 377 576 dol
411 544 519 575 nobile
558 543 717 583 GregorIO
754 544 946 583 Mangt'ari'a
972 544 1004 575 L.
1029 544 1075 576 25
1097 552 1114 575 e
1138 543 1226 574 soleii
1253 543 1293 574 12
1312 551 1373 584 per
1406 542 1515 583 affitto
1540 543 1575 574 di
1598 552 1640 574 un
1677 552 1774 576 anno.
1794 543 1893 584 sim‘to
1919 544 1953 574 al

137 606 169 639 S.
196 607 348 645 Martino,
373 606 456 638 delle
481 608 560 637 terre
584 607 615 637 ῐη
642 606 808 646 Filighera
833 615 851 637 0
877 606 1040 644 AblatiCo,
1067 606 1122 637 ubi
1149 606 1269 636 dicitur
1295 606 1326 636 in
1354 604 1497 637 Fanesio
1516 602 1576 644 (2).

902 807 1200 848 DCCXVII.
1217 811 1220 814 ’

226 925 371 954 Lascito
397 925 431 953 di
458 925 675 961 Margherita
701 925 871 953 Faruffini
898 925 1059 953 Visconti
1086 933 1105 952 a
1131 925 1220 953 frate
1247 924 1410 953 Timoteo
1435 924 1594 954 Crivelli.

775 1056 916 1087 1510,
948 1056 1218 1089 ge11naio,
1251 1056 1341 1081 30.

673 1144 750 1167 «Arcu.
767 1144 820 1165 Not⁴
837 1144 859 1164 di
877 1144 946 1165 Pavia
962 1155 986 1157 —
1003 1144 1050 1164 Ani
1067 1143 1088 1164 di
1105 1143 1244 1164 Baldassare
1260 1143 1395 1170 Imperatori
1414 1160 1417 1163 .

159 1288 162 1368 ἱ
213 1338 336 1455 N
383 1317 479 1383 EELLA
506 1360 586 1383 casa
611 1351 698 1383 della
723 1352 898 1389 testam'ce,
924 1352 955 1382 [η
981 1350 1181 1382 Parroccln'a
1207 1351 1242 1382 di
1265 1350 1298 1383 S.
1324 1350 1433 1382 Maria
1458 1350 1587 1382 Nuova.
1634 1350 1841 1382 Testamento
1877 1349 1964 1381 della

160 1372 162 1434 1
384 1398 590 1455 {magnifica
616 1416 647 1445 et
673 1414 944 1454 prestantissima
985 1415 1137 1445 matrona
1174 1413 1311 1444 domina
1349 1411 1533 1453 Margarita
1571 1412 1612 1443 de
1649 1411 1824 1450 Farotinis,
1850 1411 1964 1443 relicta

270 1461 386 1513 ssfflssl
414 1476 586 1516 quondam
614 1476 731 1507 ultimo
757 1475 832 1507 loco
859 1475 1026 1516 magnifici
1054 1475 1181 1506 domini
1209 1475 1306 1515 Filipi
1333 1475 1374 1505 de
1400 1474 1678 1512 Vicecomitibus,
1703 1474 1756 1505 nel
1780 1474 1877 1514 quale
1914 1483 1967 1504 or-

145 1539 238 1570 dinat
262 1541 294 1570 et
319 1539 456 1570 mandat
481 1538 572 1578 quod
600 1538 806 1569 reverendus
831 1538 991 1569 dominus
1017 1538 1177 1579 magister
1202 1537 1426 1568 Tliimotheus
1452 1537 1492 1568 de
1518 1535 1677 1569 Cribellis
1702 1535 1841 1568 Ordinis
1860 1537 1965 1568 sancti

146 1601 325 1643 Augustini
351 1602 394 1633 sit
420 1600 697 1632 uxufructuarius
723 1601 823 1632 unius
848 1601 971 1632 domus
997 1601 1059 1632 site
1085 1601 1116 1631 in
1144 1599 1260 1641 Papia,
1287 1600 1317 1631 in
1345 1599 1446 1631 Porta
1473 1598 1609 1637 Palacii,
1628 1599 1659 1630 in
1679 1598 1843 1631 Parochia
1858 1599 1965 1631 sancti

146 1663 298 1701 lnventii‚
323 1663 492 1704 appellate
519 1663 539 1694 il
566 1662 755 1701 Palazzoto,
783 1663 858 1704 ipso
884 1664 994 1694 stante
1020 1664 1052 1694 et
1078 1662 1250 1694 habitante
1276 1663 1308 1693 in
1334 1662 1424 1693 dicto
1451 1661 1610 1693 Palazoto
1636 1663 1707 1693 toto
1732 1663 1882 1702 tempore
1901 1662 1967 1692 vite

146 1725 265 1766 prefati
292 1725 418 1757 domini
446 1726 596 1766 magistri
623 1724 829 1763 Thimothei,
855 1727 886 1757 et
912 1725 1078 1757 bonorum
1109 1725 1283 1756 mobilium
1309 1726 1341 1755 et
1367 1724 1561 1756 utensilium
1599 1724 1868 1755 necessariorum
1907 1733 1967 1764 pro

141 1797 210 1819 uxu
236 1796 299 1819 suo
325 1789 356 1819 et
381 1788 482 1819 unius
508 1788 684 1819 servitoris
709 1787 817 1819 eidem
845 1787 970 1828 legavit
995 1788 1026 1818 et
1051 1787 1140 1828 legat
1165 1788 1235 1818 toto
1262 1788 1412 1827 ternpore
1439 1786 1506 1817 vite
1532 1795 1593 1818 sue
1620 1787 1655 1817 ut
1680 1794 1783 1826 supra
1801 1782 1862 1825 (3).

198 1973 228 1996 (1)
244 1972 311 1993 Frate
327 1971 454 1993 Ottaviano
469 1971 573 1993 Visconti
588 1971 609 1992 ai
625 1971 637 1992 2
653 1971 744 1997 maggio
768 1971 826 1997 1510,
849 1971 918 1996 quale
941 1970 1025 1991 Procu-

146 2017 223 2037 ratore
239 2016 260 2037 di
277 2015 299 2037 S.
316 2016 437 2041 Mostioia,
453 2021 496 2037 con
511 2017 562 2037 atto
578 2015 599 2036 di
616 2015 674 2037 Gian
689 2015 791 2036 Antonio
806 2015 925 2037 Morasco.
950 2015 1026 2036 riceve

146 2060 294 2081 dall'oretice
310 2059 423 2081 Giovanni
448 2059 543 2081 Stetano
565 2059 647 2081 Pavesi
663 2060 704 2080 lire
718 2060 739 2085 7,
761 2060 837 2085 legate
859 2059 880 2080 al
902 2059 1024 2081 Convento

147 2104 184 2126 dal
201 2104 272 2130 padre
287 2104 309 2125 di
325 2105 355 2125 lui
372 2105 508 2125 Francesco.

201 2149 231 2172 (2·
250 2148 299 2170 Con
314 2150 365 2170 atto
381 2149 441 2170 dello
456 2150 535 2170 stesso
551 2149 630 2169 notaio
645 2149 665 2169 ai
681 2149 703 2169 21
717 2148 822 2169 lebbraio
833 2148 852 2169 si
864 2153 923 2174 paga
935 2148 1028 2169 l'aititto

148 2193 170 2214 di
186 2193 260 2214 fiorini
276 2193 302 2214 25
317 2198 358 2219 per
373 2193 392 2214 le
408 2194 468 2214 terre
484 2192 505 2213 di
522 2193 634 2219 Filighera
649 2193 722 2213 anche
736 2198 749 2213 a
765 2192 824 2213 {rate
839 2192 988 2213 Bartolomeo
998 2192 1028 2213 da

148 2236 304 2263 easteuazzo,
327 2236 482 2258 procuratore
498 2236 519 2257 di
536 2236 559 2258 S.
581 2237 711 2262 Agostino‚
733 2237 774 2257 che
796 2236 928 2262 possedeva
951 2236 1026 2262 quelle

149 2283 210 2303 terre
223 2287 267 2307 pro
283 2281 388 2302 indivixo
403 2287 453 2302 cum
469 2281 616 2302 monasterio
632 2282 714 2302 sancte
729 2281 858 2302 Mustiotle.
875 2280 918 2302 Un'
928 2280 1027 2301 identica

150 2325 253 2346 ricevuta
268 2325 280 2346 e
296 2325 412 2346 rilasciata
428 2325 457 2346 da
472 2325 531 2346 frate
547 2325 696 2346 Bartolomeo
712 2330 752 2351 per
776 2324 799 2346 S.
822 2324 937 2350 Agostino
958 2325 1003 2351 agli
1018 2324 1031 2345 8

149 2369 171 2390 di
188 2375 266 2390 marzo
282 2369 317 2390 del
335 2370 393 2396 1511,
409 2375 452 2390 con
467 2371 518 2390 atto
533 2369 594 2390 dello
610 2371 688 2390 stesso
703 2369 790 2390 notaio.
814 2369 839 2390 Αἱ
858 2369 880 2389 17
902 2369 1029 2390 settembre

149 2419 193 2435 con
208 2415 259 2435 atto
274 2414 296 2434 di
313 2413 463 2435 Bartolomeo
485 2413 585 2439 Aicardi,
601 2414 615 2434 il
631 2413 739 2439 Capitolo
751 2413 772 2434 di
788 2413 811 2434 S.
828 2413 940 2434 Mostiola
955 2413 1030 2434 riceve

150 2458 164 2478 il
180 2459 321 2484 pagamento
336 2458 372 2479 del
388 2458 478 2484 piccolo
501 2464 579 2479 annuo
601 2458 679 2484 legato
694 2458 716 2479 di
733 2463 762 2478 un
778 2463 848 2479 sacco
869 2457 891 2478 di
913 2457 1030 2478 frumento

149 2502 247 2523 lasciato
263 2502 291 2523 da
307 2502 409 2524 Antonio
424 2503 553 2524 Francesco
569 2503 694 2528 mangano.
711 2502 751 2523 Nel
767 2502 870 2528 capitolo
893 2502 904 2523 ὲ
924 2502 938 2523 11
955 2501 1033 2523 Priore

150 2546 209 2568 frate
229 2547 398 2573 Michelangelo
422 2547 507 2573 Pietra,
523 2549 612 2568 etcum
634 2553 662 2568 eo
684 2547 829 2568 venerabiles
850 2546 936 2567 domini
957 2546 1028 2568 trater

150 2590 294 2612 Octavianus
310 2591 338 2612 de
354 2591 536 2613 vicecomitibus
551 2597 640 2617 cursor,
656 2591 727 2613 trater
751 2591 884 2612 Boniiacius
899 2591 927 2612 de
943 2590 1032 2612 Medio-

151 2634 212 2660 lano,
228 2634 299 2656 irater
315 2635 428 2656 lohannes
443 2635 537 2657 Galicus
559 2635 702 2662 parisiensis,
725 2635 796 2656 trater
811 2635 948 2657 Gullielmus
970 2635 1034 2656 theo-

152 2679 253 2705 tonicus‚
267 2679 338 2701 trater
353 2679 493 2701 Ambroxius
508 2680 537 2701 de
552 2679 744 2705 Νον3113,1131ε1
754 2679 883 2705 Apolonius
894 2679 923 2700 de
934 2678 1031 2705 Papia...

1134 1970 1156 1990 ln
1173 1976 1202 1991 un
1218 1971 1269 1990 atto
1284 1969 1456 1990 d'investitura
1471 1969 1492 1990 di
1510 1971 1570 1990 terre
1586 1969 1607 1990 in
1630 1969 1754 1991 Redavalle
1770 1974 1782 1990 e
1797 1968 1820 1990 S.
1844 1968 1963 1992 Giuktta,

1080 2015 1163 2040 rogato
1179 2014 1208 2035 da
1224 2014 1315 2035 Matteo
1332 2014 1419 2034 Ferrari
1435 2014 1456 2034 ai
1475 2014 1498 2035 19
1513 2014 1607 2035 ottobre
1626 2014 1684 2039 1510,
1701 2014 1816 2034 troviamo
1832 2013 1874 2034 che
1890 2013 1903 2033 il
1920 2012 1963 2034 Ca-

1079 2058 1153 2085 pitolo
1168 2059 1180 2080 e
1195 2060 1320 2084 composto
1335 2058 1395 2084 degli
1411 2058 1481 2079 stessi
1498 2058 1606 2084 Religiosi
1623 2064 1690 2079 meno
1705 2058 1764 2079 frate
1786 2057 1913 2083 Ambrogio
1935 2057 1963 2077 da

1082 2103 1182 2129 Novata,
1207 2103 1382 2129 coll'aggiunta
1398 2103 1477 2123 invece
1500 2103 1521 2123 di
1544 2102 1603 2123 frate
1627 2103 1745 2123 Lodovico
1768 2102 1797 2123 da
1820 2102 1962 2127 Calignano,

1083 2148 1142 2169 irate
1158 2147 1262 2169 Corrado
1278 2147 1429 2173 d'Alemagna
1445 2153 1457 2168 e
1472 2147 1531 2168 frate
1546 2147 1647 2168 Antonio
1663 2147 1692 2167 da
1709 2146 1830 2167 Piacenza.

1136 2192 1162 2213 Αἰ
1180 2192 1203 2212 12
1218 2192 1334 2212 dieembre
1349 2191 1408 2212 frate
1424 2191 1551 2212 Ottaviano
1566 2191 1679 2216 Visconti,
1696 2191 1764 2216 quale
1776 2190 1930 2211 Procuratore
1941 2190 1962 2210 di

1081 2236 1104 2258 S.
1121 2236 1241 2261 Mostiola,
1258 2236 1333 2256 riceve
1349 2235 1386 2256 dal
1402 2235 1483 2256 dottor
1498 2235 1519 2255 in
1536 2235 1594 2261 leggl
1611 2235 1664 2255 nob.
1677 2234 1800 2255 Gunitorto
1817 2233 1892 2255 Pietra
1904 2234 1963 2255 della

1083 2280 1155 2302 Costa
1171 2280 1245 2301 fiorini
1260 2279 1273 2300 6
1289 2285 1329 2305 per
1344 2279 1435 2300 reddito
1451 2285 1527 2300 annuo
1543 2279 1579 2299 del
1595 2279 1679 2300 lascito
1695 2278 1754 2299 13110
1769 2278 1790 2299 31
1802 2278 1924 2300 eonvento
1935 2278 1963 2299 da

1085 2325 1169 2346 Pasina
1184 2324 1348 2350 Sangregorio,
1365 2324 1401 2350 gia
1418 2324 1502 2349 moglie
1518 2324 1539 2344 di
1555 2324 1636 2344 Marco
1653 2323 1729 2344 Pietra
1754 2329 1797 2344 con
1820 2324 1963 2344 testamento

1084 2371 1167 2395 rogato
1183 2369 1211 2390 da
1228 2368 1340 2390 Giovanni
1356 2368 1437 2395 Spelta
1452 2369 1472 2389 ai
1491 2369 1515 2389 18
1529 2369 1602 2394 aprile
1619 2368 1677 2389 1453.
1696 2368 1779 2389 L'atto
1794 2368 1806 2389 ὲ
1820 2368 1842 2388 di
1855 2368 1911 2389 oian
1921 2367 1964 2388 An-

1085 2414 1150 2435 tonio
1165 2413 1284 2434 Morasco.

1129 2458 1159 2481 (3)
1175 2457 1321 2479 Ricordiamo
1337 2457 1375 2483 qui
1392 2457 1406 2477 il
1422 2457 1504 2478 lascito
1520 2456 1579 2478 tatto
1594 2457 1639 2477 alla
1655 2458 1731 2478 stessa
1748 2456 1871 2478 Comunita
1896 2456 1918 2476 di
1941 2456 1963 2477 S.

1088 2502 1210 2527 Agostino,
1226 2502 1261 2523 cui
1277 2503 1436 2527 apparteneva
1452 2501 1466 2522 il
1482 2501 1587 2527 Crivelli,
1610 2500 1670 2522 dalla
1693 2501 1770 2521 nobile
1792 2500 1866 2521 Maria
1889 2500 1966 2521 Tibol-

1083 2546 1140 2572 deri,
1157 2546 1247 2567 vedova
1262 2546 1284 2566 di
1301 2546 1404 2567 Lorenzo
1421 2545 1538 2571 Beccaria,
1550 2545 1572 2566 di
1587 2545 1614 2567 50
1628 2545 1703 2566 fiorini
1713 2551 1754 2571 per
1765 2551 1794 2566 un
1806 2545 1965 2566 anniversario

1087 2592 1201 2616 perpetuo
1217 2590 1245 2611 da
1261 2590 1384 2611 celebrarsi
1400 2589 1422 2610 in
1437 2589 1460 2611 S.
1477 2589 1599 2615 Agostino,
1615 2589 1731 2610 dov'essa
1747 2589 1826 2615 elegge
1842 2589 1863 2610 13
1878 2594 1920 2610 sua
1932 2594 1967 2610 se-

1088 2635 1189 2661 poltura.
1206 2634 1221 2655 ll
1237 2635 1379 2655 testamento
1395 2634 1406 2655 ἐ
1422 2635 1505 2660 rogato
1521 2634 1549 2654 da
1571 2633 1668 2659 Giorgio
1689 2633 1781 2654 Andrea
1807 2632 1890 2654 Porzio
1905 2633 1925 2654 ai
1941 2633 1967 2653 29

1089 2678 1181 2704 maggio
1198 2678 1256 2700 1510.
