2305 3407
273 124 338 156 242

272 258 312 290 de
339 257 488 289 Taurino
513 261 544 289 et
570 258 732 290 Nicolaus
769 258 810 290 de
849 258 1058 296 Mediolano,
1085 259 1279 290 visitatores
1316 257 1603 300 Congregationis
1639 258 1866 292 observantie
1892 259 2092 292 Lombardie

274 319 516 351 Heremitarum
543 320 612 351 divi
640 319 833 361 Augustini,
858 320 889 351 si
911 320 1046 351 rllosct'a
1070 320 1106 351 al
1127 320 1238 352 nobile
1264 319 1338 353 Gio.
1365 321 1549 353 Francesco
1567 321 1727 353 Eeccaria
1752 321 1806 353 del
1827 320 1864 361 fu
1888 321 2027 360 Milano,
2052 322 2093 353 ri-

272 383 386 413 sevum
412 381 446 413 di
469 381 525 413 lire
550 382 595 413 60
617 381 786 422 imperiali,
813 391 830 413 e
855 381 904 413 είὸ
925 381 983 422 pel
1006 381 1167 422 completo
1189 384 1393 423 pagamento
1418 382 1472 414 ciel
1495 383 1638 423 capitale
1662 383 1697 414 di
1724 383 1787 415 100
1802 382 1927 423 fiorIni,
1951 383 2092 415 lasciato

271 443 306 474 ιιΙ
328 445 486 489 convento
512 443 570 474 ‹lal
593 443 681 475 detto
706 452 766 475 sno
788 443 893 484 padre
929 443 1068 481 ΜίΙαηο,
1105 452 1165 475 con
1198 446 1393 475 testamento
1429 444 1483 475 del
1514 445 1599 476 1524
1623 447 1740 492 rogato
1777 445 1821 476 cla
1849 443 1936 477 Gian
1959 444 2091 477 Alberto

271 505 436 543 Mornsco,
457 514 519 546 per
540 505 573 537 Ia
599 505 826 537 celebrazione
851 506 995 537 annuale
1020 506 1055 537 dl
1078 506 1140 537 due
1165 505 1259 546 affici
1282 506 1326 538 cia
1351 508 1455 538 morto
1474 504 1536 546 (1).

1033 724 1328 764 CMXLVI.

361 841 387 868 Il
415 841 568 869 Comune
594 841 629 869 di
656 841 768 869 Pavia
794 841 876 869 loda
902 851 946 869 un
972 842 1200 870 Predicatore
1226 842 1460 878 agostiniano,
1488 851 1529 870 ne
1555 842 1678 871 chiede
1703 851 1748 871 un
1775 843 1866 871 altro
1892 851 1910 872 e
1934 843 2094 880 supplica

273 894 294 921 il
324 894 446 922 Priore
472 894 645 922 Generale
671 903 689 923 a
716 895 901 923 trasferire
928 895 937 922 i
964 895 1137 931 Religiosi
1163 895 1196 923 di
1224 895 1258 924 S.
1285 896 1394 924 Paolo
1421 904 1440 923 a
1467 896 1501 924 S.
1529 896 1712 924 Mostiola.

884 1017 1019 1041 16:35
1032 1034 1040 1047 ,
1073 1017 1258 1048 ‘spx-lle
1268 1032 1282 1048 9
1314 1017 1486 1042 18=200

464 1113 541 1134 (Arch.
559 1113 595 1134 del
613 1113 674 1134 Μικ.
691 1113 740 1134 Civ.
758 1114 779 1133 di
795 1115 852 1134 stor.
871 1116 930 1139 patr.
948 1114 969 1134 di
987 1114 1057 1135 Pavia
1073 1125 1098 1128 ’-
1115 1114 1163 1135 Atti
1179 1114 1201 1135 di
1217 1114 1378 1140 Ρνοννίείοηε,
1394 1120 1467 1141 paceo
1485 1115 1522 1141 18;
1538 1115 1566 1136 ed
1582 1115 1754 1141 Ecclesiastrci,
1771 1121 1844 1142 paceo
1859 1117 1908 1140 54⁴)

334 1306 480 1421 M
523 1324 604 1357 DLV,
632 1320 685 1351 die
716 1321 753 1352 18
779 1320 904 1361 Aprilis
931 1322 961 1352 in
990 1322 1153 1362 vesperis.

632 1382 864 1415 Convocato...
891 1382 1046 1416 Consilio
1063 1384 1276 1415 dominorum
1297 1383 1542 1415 Presidentium
1561 1383 1683 1416 Officio
1701 1383 1914 1416 Provisionis
1932 1383 2098 1417 Comunis

500 1480 506 1481 ⁷
543 1444 656 1485 eapte,
682 1445 806 1476 tactum
833 1448 884 1477 est
910 1446 1067 1486 partitum
1094 1455 1134 1478 an
1161 1446 1321 1487 expediat
1339 1447 1392 1478 vel
1412 1455 1462 1483 ne,
1481 1446 1649 1484 videlicet,
1676 1446 1766 1487 quod
1785 1447 1975 1478 scribantur
1994 1447 2097 1478 littere

271 1508 531 1538 rsvesenjissirn
548 1518 555 1537 )
575 1508 712 1538 domino
732 1507 887 1539 Generali
908 1507 1047 1539 Ordinis
1068 1508 1308 1540 Heremitarum
1328 1510 1400 1540 sive
1427 1510 1534 1540 sancti
1555 1508 1734 1549 Augustini
1762 1512 1860 1549 prout
1879 1509 1910 1540 in
1929 1509 1985 1540 filo
2003 1512 2099 1541 erunt

271 1572 428 1600 animate
448 1570 489 1600 ad
509 1570 675 1600 dictamen
708 1570 911 1610 prefatorum
944 1571 1197 1611 magnificorum
1225 1572 1437 1602 dominorum
1468 1571 1641 1605 abbatum.
1675 1574 1706 1602 et
1736 1571 1824 1602 datis
1856 1571 1978 1602 balotis
2008 1580 2099 1602 sum-

274 1631 409 1670 ptisque
436 1631 606 1671 suffragiis
633 1632 806 1662 obtentum
834 1631 893 1663 fuit
921 1633 1077 1672 partitum
1105 1633 1196 1672 quod
1224 1633 1279 1664 fiat
1306 1635 1404 1673 prout
1431 1642 1543 1673 supra.

363 1745 663 1779 lx'everezidiszsinio
691 1747 720 1776 in
749 1745 885 1778 Christo
914 1746 1020 1778 Padre
1048 1750 1163 1778 nostro
1189 1748 1474 1779 ‹morandissimo.

364 1807 384 1838 ll
412 1809 515 1838 molto
542 1818 647 1839 rever.
677 1808 783 1840 Paalre
811 1808 968 1841 Gabriele
995 1810 1036 1840 da
1063 1808 1183 1841 Crema
1202 1810 1255 1841 dcl
1274 1810 1392 1840 ordine
1419 1810 1626 1841 heremitano
1652 1810 1683 1841 di
1711 1808 1780 1841 §.to
1808 1809 1983 1851 Agostino,
2007 1819 2099 1841 man-

275 1871 353 1900 „ifrw
381 1871 419 1900 ‘i‘r
451 1870 486 1901 V.
516 1870 606 1903 Rana
636 1870 669 1901 Ρ.
698 1871 737 1902 ha
765 1871 939 1910 predicato
977 1874 1096 1911 questa
1124 1873 1291 1912 prossima
1318 1873 1578 1913 quadragesima
1606 1873 1637 1903 in
1665 1872 1693 1903 la
1719 1873 1833 1903 chiesa
1859 1873 2040 1904 cattedrale
2065 1873 2097 1903 di

276 1942 348 1972 „iis
367 1941 391 1962 m
421 1933 508 1967 eitra,
535 1936 565 1963 et
593 1934 723 1973 perche,
750 1934 831 1964 mirra.-
860 1934 886 1963 lu
915 1934 1014 1965 molte
1051 1937 1082 1965 et
1119 1935 1299 1967 cattoliche
1326 1937 1357 1966 et
1383 1935 1474 1966 dotte
1513 1935 1740 1975 predicazioni
1768 1935 1808 1965 ha
1835 1943 1968 1975 sempre
2006 1934 2098 1972 fatto,

274 1995 300 2024 >i
322 1996 360 2025 iii:
381 1996 524 2026 (insinua
545 1996 776 2027 demonstrato
795 2000 885 2027 trinta
904 1996 1005 2027 carita
1025 1998 1054 2027 et
1073 1997 1186 2027 atietto
1205 1998 1236 2028 di
1257 2006 1360 2033 amor,
1378 1998 1438 2028 che
1457 1999 1539 2028 tutta
1559 1997 1588 2028 13
1607 1997 1684 2028 citta
1712 1999 1824 2028 nostra
1844 1999 1873 2028 et
1893 1997 1923 2027 in
1943 1997 2098 2038 generale

274 2059 303 2087 et
332 2057 361 2087 iu
391 2057 588 2096 particulare
616 2067 655 2088 ne
682 2062 768 2088 resta
797 2068 861 2089 non
896 2059 955 2089 che
982 2059 1236 2091 satissatissima
1264 2068 1315 2090 ma
1342 2068 1473 2099 sempre
1508 2059 1792 2099 obbligatissima,
1819 2068 1883 2090 non
1911 2059 1983 2090 solo
2010 2068 2028 2090 a
2055 2059 2097 2090 lui

277 2128 325 2149 ma
368 2119 472 2150 anche
513 2122 544 2150 et
586 2120 850 2160 maggiormente
892 2129 908 2151 a
951 2120 987 2152 V.
1031 2120 1122 2153 Rma
1165 2120 1199 2153 Ρ.
1240 2122 1271 2152 di
1315 2122 1418 2153 haver
1454 2121 1537 2152 tatto
1578 2122 1605 2152 si
1646 2122 1762 2152 ottima
1799 2121 1976 2159 elettione,
2014 2119 2099 2152 Pero

275 2190 340 2211 uon
382 2182 557 2221 possendo
599 2182 653 2212 noi
695 2182 724 2212 al
767 2185 922 2222 presente
964 2183 1105 2214 renderli
1147 2184 1229 2215 altra
1275 2184 1446 2224 condigna
1491 2184 1694 2224 gratitudine
1737 2186 1767 2215 et
1812 2183 2099 2215 demonstratione

275 2242 326 2273 del
356 2243 421 2273 'oon
447 2244 560 2275 animo
588 2246 713 2281 nostro,
741 2253 799 2284 prr
824 2244 950 2276 adesso
977 2245 1050 2275 solo
1078 2245 1107 2276 la
1137 2246 1405 2285 ringraziaremo,
1432 2255 1526 2277 come
1545 2246 1784 2277 intinitamente
1811 2245 1840 2276 la
1867 2245 2099 2285 ringraziamo,

274 2305 533 2336 resservandosi
561 2305 699 2345 quando
725 2307 904 2338 aecascara
932 2307 950 2337 l'
969 2308 1149 2338 occasione
1177 2308 1420 2339 demonstrarle
1446 2317 1508 2339 eon
1537 2308 1613 2339 boni
1641 2307 1741 2339 ettetti
1770 2307 1789 2338 il
1817 2307 1998 2344 desiderio,
2021 2306 2098 2347 qual

274 2368 417 2404 tenemo,
444 2367 475 2398 di
504 2367 584 2398 farle
603 2368 741 2399 servitio
767 2370 797 2400 et
823 2377 902 2400 cosa
929 2371 1032 2409 grata.
1060 2369 1098 2400 Et
1125 2370 1247 2410 perche
1274 2372 1393 2410 questa
1412 2371 1526 2401 nostra
1544 2369 1632 2406 cina,
1651 2369 1704 2409 gia
1723 2369 1873 2409 alquanti
1892 2368 1981 2406 anni,
1999 2376 2101 2399 cono-

276 2429 403 2459 scendo
429 2429 447 2459 il
475 2438 555 2469 gran
583 2430 717 2469 protitto
743 2431 770 2461 si
797 2431 921 2471 riporta
940 2431 1026 2462 dalle
1047 2431 1133 2463 bone
1152 2431 1386 2472 predicationi,
1404 2431 1474 2463 cosi
1502 2440 1559 2472 per
1585 2431 1692 2462 salute
1718 2430 1804 2462 delle
1834 2431 1943 2461 anime
1973 2431 2098 2470 quanto

276 2499 334 2530 per
360 2490 388 2521 la
417 2491 504 2522 bona
530 2491 677 2523 dottrina
703 2494 733 2523 et
760 2493 837 2523 boni
877 2493 1069 2525 documenti
1106 2494 1139 2525 di
1177 2495 1271 2525 viver
1297 2494 1381 2525 hene
1407 2495 1439 2525 et
1465 2493 1746 2530 cristianemente,
1773 2492 1813 2523 ha
1840 2500 1940 2533 preso
1981 2491 2098 2523 ordine

276 2552 336 2583 che
363 2553 393 2583 in
420 2561 497 2584 essa
523 2553 612 2591 cina,
638 2554 723 2585 oltra
750 2554 769 2585 il
797 2557 910 2595 tempo
947 2555 1035 2586 della
1072 2556 1345 2597 quadragesima,
1386 2556 1412 2587 si
1451 2555 1576 2587 habbia
1612 2555 1759 2586 anchora
1785 2555 1826 2585 ad
1858 2554 2032 2594 predicare
2070 2553 2098 2584 le

275 2614 475 2646 domeniche
500 2617 531 2646 et
556 2616 637 2647 altre
665 2615 748 2648 teste
765 2617 977 2655 comandate,
1003 2620 1035 2649 et
1060 2618 1182 2658 perche
1201 2618 1232 2649 in
1254 2617 1364 2658 quest’
1379 2626 1468 2649 anno
1494 2625 1573 2648 esso
1592 2617 1665 2648 loco
1683 2616 1715 2648 di
1735 2617 1888 2657 predicar
1906 2618 2017 2656 spetta
2035 2615 2099 2647 3113

276 2684 338 2707 sua
375 2676 544 2717 religione,
584 2677 645 2708 n’e
685 2686 786 2718 parso
822 2687 884 2710 con
912 2679 941 2710 la
968 2681 1123 2720 presente
1164 2682 1279 2711 nostra
1315 2679 1508 2720 supplicare
1534 2677 1571 2710 V.
1599 2677 1691 2711 Rma
1718 2676 1752 2709 Ρ.
1779 2687 1819 2709 ne
1844 2677 1951 2709 faccia
1988 2677 2098 2718 grazia

349 2859 367 2883 1)
382 2859 407 2880 Ai
423 2859 435 2879 7
450 2860 587 2885 settembre,
612 2860 647 2881 nel
671 2860 791 2887 Consiglio
815 2861 851 2883 dei
868 2861 950 2883 Dodici
967 2862 988 2883 di
1006 2862 1158 2883 Provvisione
1213 2861 1325 2884 iratribus
1340 2862 1415 2883 sancti
1433 2861 1497 2883 Pauli
1515 2861 1586 2887 Papie
1602 2867 1644 2888 pro
1660 2861 1782 2882 elimosina
1805 2866 1848 2887 pro
1872 2861 1918 2882 ista
1939 2861 1989 2882 vice
2005 2861 2094 2882 tantum

280 2903 358 2927 (Arcti.
375 2903 411 2924 del
427 2903 512 2925 Museo
527 2904 607 2926 civico
618 2904 640 2925 di
652 2907 709 2926 stor.
727 2907 786 2931 patr.
799 2906 820 2927 di
833 2905 911 2927 Pavia.
927 2917 935 2921 -
950 2906 1001 2928 Am·
1011 2907 1036 2928 di
1047 2906 1160 2933 Provvis..
1216 2907 1237 2928 in
1252 2912 1343 2928 summa
1358 2909 1441 2928 scutos
1457 2906 1516 2927 duos
1531 2906 1581 2927 auri
1596 2906 1625 2927 de
1640 2906 1829 2932 quibuscumque
1838 2905 1941 2926 denariis
1951 2904 2041 2931 pretate
2051 2909 2096 2925 ma·

281 2953 354 2973 paceo
372 2948 403 2971 18)
419 2948 505 2970 iactum
521 2950 557 2970 est
574 2950 685 2975 partitum
701 2955 730 2970 an
746 2950 855 2976 expediat
871 2951 906 2972 vel
918 2956 954 2977 ne,
967 2951 1085 2977 videlicet.
1102 2950 1165 2977 quod
1219 2951 1303 2977 gnllice
1328 2951 1494 2973 ComunitatiS.
1511 2951 1538 2972 Et
1553 2950 1616 2971 datis
1639 2950 1726 2971 balmis
1750 2950 1901 2976 sumptisque
1924 2949 2042 2975 suffragiis
2056 2948 2098 2970 ob-

282 2992 322 3013 liat
338 2993 425 3014 bulleta
441 2993 535 3015 domino
551 2994 697 3016 thesaurario
709 2994 821 3016 eomunis
832 2994 904 3021 Papio
915 2995 1020 3017 solvendi
1032 2995 1166 3017 reverendis
1221 2997 1310 3017 tentum
1326 2995 1370 3017 run
1385 2995 1497 3021 partitum
1513 2994 1577 3021 quod
1593 2994 1633 3016 iiat
1649 2996 1719 3021 prout
1734 2999 1814 3020 supra.
