2305 3407
315 152 376 183 172

310 285 537 326 respondente
564 292 686 315 versus
712 283 867 319 brolium,
893 285 926 314 et
952 292 1012 323 pro
1037 283 1136 323 signo
1163 283 1273 323 posita
1299 282 1359 313 fuit
1385 291 1489 322 super
1513 283 1587 313 eius
1613 291 1758 322 persona
1785 282 1930 322 quedam
1949 281 2131 322 columpna

310 356 495 379 marmorea
522 356 587 387 que
615 347 744 378 ibidem
765 346 890 381 aderat,
919 354 979 386 pro
1006 345 1106 385 signo
1132 347 1165 376 ut
1191 344 1234 376 ab
1260 345 1336 375 aliis
1362 344 1590 376 cadaveribus
1615 347 1890 382 cognosceretur,
1908 352 1973 384 que
1992 344 2023 375 in
2042 344 2132 375 dicto

312 412 407 451 prato
433 412 527 441 erant
552 409 706 449 sepulta:
733 411 763 440 et
789 408 898 440 eidem
926 408 1064 439 domino
1090 406 1277 438 confessori
1305 407 1408 438 dabat
1433 409 1465 438 et
1491 406 1679 438 dimittebat
1720 415 1807 438 onus
1841 406 2034 438 notificandi
2061 407 2134 438 eius

312 472 390 504 filiis
416 475 446 504 et
471 471 632 503 fratribus
659 473 689 502 et
717 471 900 502 heredibus
927 470 1069 510 qualiter
1095 478 1155 509 pro
1181 469 1292 500 anima
1319 470 1392 500 eius
1418 469 1557 510 predicti
1584 469 1711 500 domini
1738 469 1779 500 de
1806 468 1943 500 Tornon
1962 471 2135 500 construe-

313 538 399 566 retur
439 543 497 565 seu
539 534 687 565 construi
730 533 877 564 facerent
918 532 1082 573 capellani
1126 540 1224 562 unani
1251 531 1293 562 ad
1321 531 1481 562 honorem
1512 531 1617 563 sancti
1645 531 1838 562 Michaellis
1875 530 2076 571 Archangeli
2103 532 2135 562 et

312 598 460 628 (minium
490 596 705 637 Angelorum„
733 604 833 635 quam
860 595 1024 635 capellam
1053 594 1189 625 volebat
1215 593 1306 634 quod
1334 594 1505 624 dotaretur
1531 593 1572 625 de
1599 593 1719 624 intrata
1757 595 1927 625 scutorum
1955 593 2134 624 ducentum

310 660 380 691 auri
407 659 543 699 singulo
568 667 668 695 anno,
710 667 783 689 curn
826 667 927 689 onere
968 657 1213 688 celebracionis
1256 657 1436 687 missarum
1479 656 1619 687 duarum
1659 656 1793 697 singula
1834 656 1900 693 die,
1925 658 1956 686 et
1982 655 2136 696 quolibet

313 731 427 754 mense
452 721 553 752 officii
581 721 681 752 unius
708 724 914 752 mortuorum
941 729 1014 751 cum
1043 728 1106 751 una
1135 720 1238 750 missa
1266 728 1386 759 magna
1412 720 1443 750 et
1469 719 1584 749 missis
1610 718 1788 749 duodecim
1808 718 1933 756 bassis,
1952 720 1983 750 et
2001 717 2135 759 singulo

311 794 399 816 anno
425 784 694 815 anniversarium
722 792 822 814 unum
849 792 923 814 cum
951 783 1054 813 missa
1083 791 1147 813 una
1174 790 1294 821 magna
1321 781 1496 821 solempne
1523 783 1553 812 et
1579 789 1653 812 cum
1693 781 1808 812 missis
1841 781 1947 812 sancti
1974 778 2131 821 Gregorii

313 856 372 887 pro
399 847 511 878 anima
539 845 657 886 prefati
696 846 823 876 domini
863 845 904 876 de
941 844 1078 876 Tornon
1105 848 1137 875 et
1162 844 1262 875 etiam
1301 852 1388 874 onus
1426 843 1575 874 nubendi
1603 843 1736 883 puellas
1762 845 1838 880 tres,
1865 843 1994 874 eisdem
2022 842 2136 874 dando

312 911 428 940 sentos
454 909 636 939 ducentum
663 907 734 938 auri
762 916 822 947 pro
849 906 982 947 singula
1009 915 1122 937 earum
1143 905 1245 937 semel
1265 907 1404 942 tantum,
1424 914 1484 945 pro
1503 905 1615 936 anima
1640 904 1759 945 prefati
1779 904 1907 935 domini
1926 904 1967 936 de
1986 903 2135 936 Tornon.

314 971 352 1002 Et
379 970 529 1011 predicta
557 970 674 1000 habuit
700 971 731 1000 et
758 969 858 1000 habet
885 969 915 999 in
944 968 1113 999 mandatis
1139 976 1157 998 a
1184 967 1314 1008 prefato
1341 967 1513 1007 quondam
1541 967 1679 998 domino
1697 967 1738 998 de
1757 966 1895 998 Tornon
1922 966 2136 1007 propallandi

313 1036 343 1064 et
370 1032 564 1063 notificandi
592 1031 634 1062 ad
661 1032 724 1062 hoe
752 1034 786 1062 ut
813 1032 1047 1071 pertranseant
1072 1034 1103 1061 et
1129 1030 1313 1061 deveniant
1339 1030 1381 1061 ad
1408 1038 1508 1061 aures
1545 1031 1575 1061 et
1601 1030 1758 1060 noticiam
1801 1029 1920 1069 prefati
1963 1028 2136 1069 quondam

313 1095 441 1126 domini
469 1095 509 1125 de
536 1093 674 1124 Tornon
702 1093 844 1124 filiorum
872 1094 901 1124 et
928 1092 1064 1123 fratrum
1092 1093 1123 1123 et
1150 1092 1321 1129 heredum,
1340 1094 1406 1123 tam
1434 1100 1492 1132 per
1518 1092 1776 1123 instrumentum
1808 1100 1908 1131 quam
1938 1091 2018 1122 allio
2037 1091 2138 1122 modo

312 1160 343 1189 et
370 1161 469 1198 prout
495 1157 615 1188 melius
643 1157 774 1196 poterit.
802 1155 840 1186 Et
867 1155 1021 1195 prefatus
1047 1155 1207 1185 dominus
1232 1153 1411 1185 confessor
1447 1162 1559 1185 auxus
1596 1163 1661 1184 non
1689 1153 1750 1184 fuit
1775 1162 1812 1184 ea
1840 1154 2016 1194 hucusque
2043 1152 2142 1184 notif—

315 1220 412 1251 sicare
438 1222 469 1251 et
496 1219 699 1260 propallare,
738 1220 826 1249 metu
866 1218 1084 1249 illustrissimi
1112 1217 1277 1257 principis
1301 1218 1331 1247 et
1356 1216 1483 1247 domini
1526 1216 1652 1247 domini
1680 1216 1783 1247 nostri
1811 1214 1916 1246 Ducis
1943 1214 2135 1246 Francischi

315 1283 423 1314 Marie
449 1281 580 1314 Sforcie
607 1280 713 1313 Ducis
740 1281 928 1312 Mediolani
955 1282 985 1311 et
1011 1280 1208 1311 amissionis
1234 1279 1308 1311 eius
1335 1279 1586 1310 beneficiorum.
1612 1277 1677 1310 Sed
1705 1287 1792 1310 nunc
1811 1277 1963 1318 prefatus
1982 1278 2140 1309 dominus

313 1344 504 1381 confessor,
531 1344 610 1384 quia
636 1344 776 1375 multum
803 1352 839 1374 se
864 1343 1003 1374 confidit
1029 1342 1070 1374 de
1097 1341 1226 1382 prefata
1253 1341 1439 1373 reverenda
1464 1343 1496 1372 et
1522 1341 1642 1372 illustri
1683 1341 1819 1371 domina
1852 1338 2007 1378 Camilla,
2032 1339 2141 1371 eidem

316 1417 374 1448 per
400 1409 601 1448 presentem,
629 1406 904 1447 propalacionem
931 1408 962 1436 et
988 1405 1257 1436 notiticacionem
1284 1403 1363 1435 fecit
1388 1405 1419 1435 et
1444 1403 1534 1441 facit,
1560 1403 1606 1434 ob
1630 1403 1703 1434 eius
1722 1404 1930 1434 senectutem
1957 1404 1987 1434 et
2007 1402 2144 1433 infirmi-

314 1472 414 1502 tatem
443 1478 543 1510 quam
571 1469 706 1510 patitur,
732 1469 812 1509 quia
839 1468 1017 1500 dubitabat
1044 1468 1084 1499 de
1111 1466 1250 1507 aliquali
1277 1468 1382 1497 morte
1409 1465 1598 1497 subitanea.
1625 1464 1664 1497 Et
1690 1465 1751 1496 hec
1776 1465 1888 1496 onmia
1922 1464 2012 1502 dicit,
2037 1464 2144 1505 signi-

314 1532 391 1563 ficat
415 1534 447 1563 et
472 1531 638 1572 propalat,
665 1539 739 1562 cum
766 1531 840 1562 eius
867 1531 1054 1561 iuramento
1091 1538 1194 1570 super
1219 1531 1339 1570 pectus
1376 1537 1474 1560 suum
1513 1536 1603 1559 more
1644 1527 1857 1565 sacerdotali,
1894 1526 2046 1568 predicta
2072 1526 2143 1558 fore

315 1603 405 1626 vera.
432 1593 471 1625 Et
498 1593 586 1631 inde,
613 1596 673 1624 etc.
701 1591 922 1624 presentibus
949 1594 1008 1624 etc.
1036 1591 1181 1624 testibus
1199 1588 1260 1630 (1).

1080 1792 1380 1833 DCCCLIII.

406 1913 434 1940 11
460 1912 620 1949 Capitolo
646 1912 681 1940 di
707 1912 742 1940 S.
770 1911 944 1948 Agostino
971 1910 1159 1939 s'accorda
1185 1919 1250 1939 con
1275 1910 1365 1938 frate
1391 1909 1537 1938 Aurelio
1563 1909 1607 1937 da
1633 1908 1769 1937 Candia
1794 1917 1856 1945 per·
1880 1917 1926 1936 un
1951 1907 2099 1936 credito.

903 2033 1064 2064 1534,
1099 2033 1440 2063 settenmbre,
1473 2031 1564 2056 23.

818 2131 886 2152 Arch.
903 2130 983 2151 Notar.
1000 2130 1021 2151 di
1039 2130 1109 2151 Pax-ia
1126 2141 1150 2143 —
1167 2130 1214 2151 Atti
1231 2129 1252 2150 di
1269 2129 1327 2150 Gian
1344 2129 1486 2150 Bernardino
1503 2129 1562 2150 della
1579 2128 1657 2154 Ripa*v

422 2318 466 2432 I
566 2335 588 2361 Ν
613 2330 761 2361 claustro
788 2329 936 2360 interiori
963 2328 1069 2359 sancti
1097 2327 1278 2368 Augustini
1304 2329 1335 2358 et
1360 2327 1392 2358 in
1419 2327 1495 2359 loco
1521 2327 1553 2358 in
1580 2335 1647 2367 quo
1673 2326 1853 2357 convocari
1891 2333 2034 2366 persepe
2059 2324 2145 2356 solet

588 2392 806 2432 capitulum...
833 2392 864 2422 in
891 2391 1000 2431 capite
1027 2390 1105 2422 dicti
1132 2390 1327 2422 monasterii
1354 2390 1521 2422 deversus
1547 2389 1772 2421 refectorium.
1791 2387 1877 2421 Cum
1894 2389 1957 2420 hoc
1984 2387 2027 2419 sit
2052 2387 2144 2428 quod

487 2490 491 2491 ⁷
550 2490 553 2491 ⁷
587 2455 628 2486 de
655 2464 743 2486 anno
769 2463 869 2486 curso
899 2454 992 2491 1528,
1018 2453 1247 2485 existentibus
1272 2455 1349 2484 tunc
1375 2452 1536 2483 fratribus
1561 2452 1750 2482 conventus
1783 2450 1890 2481 sancti
1917 2448 2143 2490 Augustini....

321 2519 352 2548 in
379 2518 526 2549 maxima
553 2517 738 2557 indigentia
764 2520 795 2548 et
821 2517 1026 2548 necessitate
1053 2518 1190 2556 propter
1216 2515 1383 2546 horrenda
1403 2514 1490 2546 bella
1508 2516 1539 2545 et
1557 2513 1876 2553 depopulationes...
1895 2513 1926 2543 et
1944 2511 2143 2543 existente...

383 2684 413 2708 41)
428 2683 473 2703 Tra
489 2683 517 2708 gli
533 2683 575 2703 atti
592 2682 613 2703 di
630 2682 731 2703 Adriano
743 2681 818 2703 Oleari
835 2682 854 2702 si
870 2682 907 2707 ha,
922 2681 967 2706 agli
986 2682 1005 2701 11
1025 2686 1103 2701 1113110
1121 2680 1178 2705 1535,
1194 2680 1208 2700 11

325 2727 419 2748 verbale
441 2727 500 2748 della
525 2729 634 2752 scoperta
659 2726 718 2747 delle
743 2731 797 2746 ossa
822 2725 858 2746 dcl
874 2725 983 2751 capitano
1000 2724 1025 2745 G.
1043 2724 1070 2745 dc
1087 2724 1205 2745 Tournon.

328 2772 411 2793 Eccoio
426 2771 616 2796 integramente:
634 2771 656 2791 ln
672 2770 766 2791 civitate
783 2770 862 2795 Papio,
878 2769 986 2790 videlicet
1002 2769 1023 2789 iu
1039 2770 1107 2794 prato
1123 2773 1206 2793 magno

325 2816 409 2837 domus
425 2815 580 2836 habitacionis
596 2814 742 2840 iriirascripte
758 2814 854 2835 illustris
870 2815 893 2834 et
909 2813 1035 2834 reverende
1056 2813 1148 2833 domine
1164 2812 1206 2834 Ca·

327 2860 395 2885 mille¹
412 2865 457 2886 que
472 2860 556 2880 domus
580 2859 714 2885 appellatur
739 2859 823 2879 domus
846 2858 938 2879 domine
962 2857 1085 2883 Agnetis..
1102 2856 1159 2878 Cum
1176 2856 1205 2877 sit

325 2904 388 2931 quod
405 2904 501 2925 illustris
517 2906 539 2924 et
555 2903 681 2924 reverenda
697 2902 791 2923 domina
808 2902 904 2923 Camilla
920 2901 948 2922 de
960 2901 1075 2927 Aragonia
1092 2901 1207 2922 Marchio-

325 2949 388 2970 nissa
405 2948 552 2974 Ρ3113ν1ε1113,
568 2948 590 2968 111
606 2947 749 2973 exequcione
766 2946 945 2973 propallationis
961 2946 1035 2967 cidem
1050 2947 1111 2966 tacte
1123 2950 1163 2971 per
1176 2950 1209 2966 re-

326 2993 452 3014 verendum
468 2993 490 3013 in
507 2992 601 3014 Christo
618 2991 709 3013 Patrem
726 2996 840 3017 sacreque
856 2991 939 3017 pagine
956 2989 1113 3016 professorem
1125 2991 1147 3010 et
1157 2995 1209 3015 pro-

326 3038 469 3059 tonotarium
485 3037 643 3063 apostolicum
660 3036 779 3057 dominum
796 3035 932 3061 magistrum
949 3034 1098 3055 Thimoteum
1114 3033 1208 3055 tratrem

1264 2679 1395 2705 professum
1412 2678 1506 2699 Ordinis
1523 2678 1692 2699 Heremitarum
1708 2678 1781 2698 sancti
1799 2677 1921 2703 Augustini
1939 2676 2035 2702 Panic...
2051 2676 2073 2697 in
2094 2681 2140 2702 qua

1263 2723 1357 2749 quidem
1373 2723 1535 2744 notitieacioue
1551 2722 1680 2743 notificavit
1696 2722 1796 2747 qualiter
1811 2721 1929 2747 quondam
1945 2721 2042 2742 illustris
2057 2722 2079 2742 et
2095 2725 2142 2742 ma-

1261 2767 1359 2793 gniticus
1373 2768 1482 2788 dominus
1498 2767 1599 2788 lustinus
1615 2767 1643 2787 dc
1658 2766 1752 2787 Tornun
1775 2765 1906 2791 francigena
1928 2765 2066 2791 capitaneus
2080 2770 2142 2786 serc-

1261 2812 1349 2832 nissimi
1365 2813 1387 2832 et
1402 2811 1587 2832 christianissimi
1605 2810 1672 2836 Regis
1688 2811 1836 2835 Francorum,
1853 2809 1929 2831 luerat
1944 2809 2106 2830 interfectus...
2117 2811 2140 2830 et

1261 2856 1369 2882 sepultus
1382 2856 1403 2876 in
1419 2855 1482 2876 dicto
1498 2857 1566 2881 pratu
1589 2860 1672 2880 magno
1695 2855 1756 2876 dicte
1771 2854 1870 2875 domus:
1894 2853 1986 2875 Preiata
2002 2858 2102 2879 namque
2117 2853 2142 2874 il-

1262 2900 1342 2921 lustris
1357 2902 1379 2921 et
1395 2899 1522 2920 reverenda
1537 2899 1631 2920 domina
1647 2898 1743 2920 Camilla
1759 2899 1789 2919 ob
1805 2898 1987 2919 misericordiam
1999 2899 2021 2919 et
2037 2902 2141 2919 reveren·

1264 2945 1319 2966 tiam
1334 2943 1508 2970 Omnipotentis
1517 2943 1558 2964 Dei
1568 2943 1666 2969 eiusque
1681 2943 1848 2969 gloriosissime
1857 2942 1957 2968 Virginis
1968 2942 2049 2963 matris
2058 2941 2141 2966 Marte.

1263 2994 1315 3010 cum
1332 2988 1437 3009 maximis
1452 2988 1561 3014 expensis
1577 2989 1599 3009 et
1615 2987 1736 3009 laboribus
1752 2987 1886 3013 perquirere
1897 2987 1951 3008 tecit
1963 2988 2038 3008 totum
2054 2986 2140 3008 dictum

1265 3034 1357 3059 pratum
1374 3037 1482 3058 magnum
1499 3031 1535 3052 die
1551 3033 1679 3058 noctuque,
1691 3037 1719 3053 eo
1730 3032 1784 3057 quia
1801 3031 1863 3053 dicta
1875 3031 1959 3053 domus
1980 3032 2030 3052 erat
2042 3031 2140 3052 circum-
