2305 3407
269 120 334 153 202

359 252 436 284 ltem
462 253 660 284 ordinamus
685 254 715 284 et
742 254 775 283 ut
801 260 903 292 supra
929 251 1021 291 quod
1047 250 1185 291 quando
1209 250 1334 282 chorus
1359 252 1409 282 est
1434 259 1477 282 ex
1504 252 1596 291 parte
1634 249 1837 291 prefatorum
1871 250 2083 282 dominorum

269 314 531 352 Canonicorum,
556 314 648 355 quod
675 315 739 355 ipsi
758 314 892 360 *domini
919 313 1123 344 Heremitani
1149 314 1324 344 teneantur
1349 312 1454 344 libros
1480 312 1602 344 habere
1635 314 1833 353 preparatos
1859 313 1890 343 in
1916 313 2030 350 choro,
2055 314 2086 344 et

271 378 335 418 ipsi
361 378 488 408 domini
514 375 677 409 Canonici
704 385 763 408 seu
789 385 905 408 eorum
932 376 1074 407 sacrista
1100 375 1152 406 vel
1177 376 1260 407 alter
1284 375 1328 406 ab
1345 375 1394 406 eis
1420 375 1636 415 deputandus
1662 377 1811 415 tempore
1829 374 2019 406 divinorum
2038 374 2087 406 of-

270 441 414 472 iitiorum
441 448 565 480 ponere
591 439 687 479 ipsos
713 439 817 469 libros
843 447 945 478 super
971 438 1167 469 lecturinum
1195 437 1237 469 ad
1263 437 1478 474 cantandum,
1505 439 1536 468 et
1563 439 1690 468 vertere
1728 436 1819 474 folia,
1846 439 1877 468 et
1903 437 1988 477 ipsis
2014 445 2087 477 per-

269 502 401 539 solutis,
427 511 486 533 eos
510 511 528 533 a
555 502 646 533 dicto
672 501 833 532 lecturiuo
860 500 1029 540 deponere
1055 502 1086 531 et
1112 508 1273 540 reponere
1300 500 1330 530 in
1358 499 1433 530 loco
1461 500 1491 530 in
1519 508 1586 539 quo
1605 499 1771 539 preparati
1791 498 1923 530 fuerant
1941 498 1984 530 ab
2003 499 2088 539 ipsis

270 565 417 595 dominis
445 564 679 595 Heremitanis.
707 563 808 603 ldque
835 563 890 594 fiat
917 571 976 602 per
1002 563 1097 602 ipsos
1135 562 1292 593 dominos
1330 561 1565 593 Heremitanos
1601 561 1680 592 dum
1717 562 1841 592 chorus
1873 561 2019 592 extiterit
2045 569 2086 592 ex

272 630 364 667 parte
392 635 464 658 sua.

338 689 415 720 ltem
443 689 640 719 ordinamus
665 691 696 718 et
722 689 755 718 ut
782 696 884 727 supra
910 696 948 718 ac
975 686 1269 726 condempnamus
1306 686 1402 726 ipsos
1439 685 1597 717 dominos
1638 684 1872 716 Heremitanos
1909 685 1950 716 ad
1978 685 2090 725 provi-

272 752 418 783 dendum
446 751 486 782 de
511 750 715 790 opportunis
742 750 836 781 libris
863 758 922 789 pro
949 749 1076 780 divinis
1102 747 1220 779 oiiitiis
1260 748 1390 778 diurnis
1416 750 1447 778 et
1474 748 1646 778 nocturnis
1674 748 1704 778 in
1732 747 1805 787 ipsa
1831 747 1974 778 ecclesia
1999 755 2090 778 com-

273 815 370 844 mode
398 813 549 853 legendis
576 815 606 843 et
632 812 820 843 cantandis.
849 811 893 842 lta
920 811 1011 851 quod
1039 811 1065 841 si
1093 811 1196 850 aliqui
1224 820 1264 841 ex
1293 809 1502 841 dictislibris
1521 812 1657 850 propter
1683 812 1884 840 vetustatem
1911 812 1942 840 et
1959 812 2090 840 contre-

272 877 450 907 ctationem
478 875 584 906 effecti
611 875 677 905 sint
704 875 788 906 male
815 874 1057 915 intelligibiles,
1085 873 1136 904 vel
1164 874 1240 904 note
1266 874 1385 903 cantus
1412 872 1479 902 sint
1506 872 1549 903 ita
1575 871 1682 903 delete
1708 874 1739 902 et
1764 871 1884 902 abrase
1910 880 1968 902 seu
1996 871 2093 902 dimi-

273 944 350 969 nute
377 938 468 978 quod
495 937 672 969 commode
698 946 801 977 super
826 937 874 967 eis
901 945 966 967 non
994 936 1103 976 possit
1128 935 1266 971 cantari,
1293 935 1385 965 iuxta
1412 934 1672 965 declarationem
1700 934 1800 965 unius
1824 933 1972 964 cantoris
1997 934 2091 973 periti

274 1009 331 1040 per
358 1001 452 1040 ipsas
478 1000 597 1030 ambas
625 1002 736 1039 partes
762 999 920 1039 elligendi
959 997 1043 1028 infra
1081 998 1169 1028 duos
1207 1005 1341 1027 meuses
1366 999 1397 1027 et
1424 1005 1522 1036 quem
1549 996 1624 1036 eligi
1653 996 1866 1032 mandamus,
1892 995 2010 1035 prefati
2037 996 2097 1026 do-

274 1063 352 1093 mini
396 1062 599 1093 Herenniani
643 1064 819 1092 teneantur
856 1061 928 1091 suis
965 1060 1160 1100 sumptibus
1186 1062 1217 1091 et
1242 1060 1406 1099 expensis
1432 1059 1473 1090 de
1500 1059 1598 1090 novis
1636 1059 1813 1099 providere
1839 1058 1880 1089 ad
1908 1058 2093 1098 predictum

275 1133 383 1161 usum,
411 1125 466 1164 qui
494 1125 632 1155 omnino
659 1124 724 1154 sint
752 1123 982 1164 intelligibiles
1009 1126 1072 1153 tam
1102 1123 1132 1153 in
1160 1122 1282 1154 lectura
1310 1131 1409 1161 quam
1438 1122 1468 1152 in
1496 1123 1605 1157 cantu,
1633 1122 1725 1152 iuxta
1753 1121 1911 1151 iudicium
1939 1121 2094 1160 premissi

272 1187 420 1217 cantoris
446 1187 542 1226 periti
570 1186 729 1226 elligendi
758 1188 791 1216 ut
817 1194 931 1225 supra.

363 1248 441 1280 ltem
468 1249 666 1280 ordinamus
692 1251 723 1279 et
749 1250 782 1279 ut
809 1256 911 1288 supra
949 1248 1040 1288 quod
1067 1248 1253 1287 antiphone
1278 1247 1427 1277 miserere
1453 1247 1517 1277 mei
1541 1248 1573 1277 et
1598 1245 1693 1276 salva
1730 1254 1791 1276 nos
1817 1245 1847 1276 in
1874 1245 2095 1285 completorio

273 1314 303 1342 et
331 1312 444 1352 hymni
471 1313 646 1342 cantentur
672 1314 769 1351 prout
796 1313 908 1342 notate
934 1312 1011 1341 sunt
1038 1311 1068 1341 in
1095 1310 1189 1341 libris
1215 1311 1345 1347 cantus,
1372 1309 1398 1340 si
1426 1308 1521 1340 aliter
1547 1308 1729 1340 convenire
1756 1317 1820 1339 non
1863 1309 2007 1347 possunt
2033 1307 2096 1347 ipsi

273 1377 430 1405 cantores
457 1374 487 1404 in
514 1376 614 1404 cantu
641 1373 843 1414 praticabili.

364 1435 441 1467 ltem
468 1436 666 1467 ordinamus
692 1438 723 1467 et
750 1438 783 1467 ut
810 1444 912 1476 supra
938 1436 1031 1476 quod
1058 1436 1089 1466 in
1116 1435 1276 1465 omnibus
1301 1434 1565 1465 comunionibus
1602 1433 1659 1464 fiat
1695 1433 1854 1464 comunio
1881 1434 1957 1472 post
1983 1441 2098 1463 comu-

275 1498 408 1529 nionem
436 1498 625 1529 sacerdotis
652 1498 683 1529 in
710 1498 825 1529 missis
852 1498 994 1538 magnis,
1020 1497 1098 1537 quia
1125 1497 1173 1528 sic
1189 1498 1302 1528 servat
1321 1496 1523 1528 universalis
1541 1495 1683 1527 ecclesia
1703 1503 1851 1532 romana,
1871 1494 2098 1534 incedantque

276 1559 479 1592 Heremitani
508 1560 575 1591 bini
603 1562 633 1591 et
660 1560 783 1591 deinde
809 1558 973 1592 Canonici
1001 1559 1080 1590 bini.

366 1622 443 1654 ltem
471 1622 669 1653 ordinamus
695 1625 725 1653 et
752 1625 785 1653 ut
812 1631 914 1662 supra
953 1621 1044 1661 quod
1077 1621 1216 1653 Noctem
1241 1622 1384 1661 quietam
1411 1623 1441 1652 et
1467 1620 1569 1651 Actus
1593 1622 1723 1651 nostros
1759 1619 1913 1650 dicantur
1937 1619 1979 1649 ab
2005 1619 2054 1649 eis
2079 1627 2097 1649 a

277 1686 402 1725 quibus
429 1685 592 1716 hactenus
619 1684 718 1715 solita
745 1686 822 1714 sunt
849 1684 924 1721 dici,
951 1684 1023 1714 sive
1051 1683 1189 1723 prelatis
1216 1684 1289 1714 sive
1316 1692 1393 1713 non.

366 1747 443 1778 ltein
471 1747 668 1777 ordinamus
694 1750 724 1777 et
751 1748 783 1777 ut
810 1755 912 1786 supra
940 1746 1032 1786 quod
1059 1745 1247 1776 versiculus
1272 1745 1314 1776 ad
1342 1745 1511 1775 introitum
1540 1744 1642 1774 misse
1662 1743 1692 1773 in
1712 1742 1995 1782 semiduplicibus
2021 1751 2099 1773 can-

278 1813 363 1840 tetur
389 1809 573 1840 secundum
615 1809 762 1845 solitum,
789 1817 862 1839 cum
890 1808 933 1839 nil
961 1808 1091 1839 reiterat
1116 1808 1142 1839 si
1169 1808 1212 1838 ab
1238 1816 1304 1838 uno
1342 1807 1394 1838 vel
1429 1806 1565 1837 duobus
1591 1807 1776 1840 cantentur,
1802 1805 1862 1836 sed
1889 1805 1920 1835 in
1949 1805 2013 1835 liiis
2038 1813 2099 1845 po-

277 1872 344 1903 tius
370 1871 553 1903 attenditur
578 1870 790 1902 consuetudo
817 1871 921 1901 ctiori.

368 1933 445 1964 ltem
473 1933 671 1963 ordinamus
696 1935 727 1963 et
754 1935 787 1963 ut
813 1941 915 1972 supra
942 1932 1033 1972 quod
1061 1933 1091 1962 in
1120 1931 1356 1963 decantatione
1381 1930 1586 1970 lrt'ri'eleyson,
1615 1930 1641 1961 si
1669 1929 1763 1961 aliter
1789 1929 1874 1960 inter
1910 1937 1986 1960 sese
2022 1937 2102 1959 con-

279 1996 391 2027 venire
419 2005 484 2026 non
512 1997 667 2035 possunt,
693 1995 889 2026 decantetur
915 1995 1101 2026 secundum
1129 1994 1380 2025 distinctionem
1407 1993 1537 2024 rubrice
1564 1992 1723 2023 missalis.

368 2057 446 2089 ltein
473 2057 671 2088 ordinamus
698 2060 729 2088 et
755 2059 789 2088 ut
816 2065 918 2097 supra
945 2057 1037 2096 quod
1076 2056 1180 2096 figure
1208 2057 1238 2087 in
1267 2056 1351 2086 locis
1387 2055 1591 2086 comunibus
1628 2054 1815 2085 existentes
1839 2053 1934 2084 aliter
1961 2061 2025 2083 non
2053 2061 2102 2083 re-

278 2120 469 2160 pingantur‚
497 2122 531 2150 ut
556 2119 691 2150 tollatur
717 2119 859 2150 occaxio
886 2119 1110 2150 scissurarum
1137 2120 1168 2149 et
1194 2118 1449 2149 altercationum
1477 2117 1560 2147 inter
1585 2117 1679 2156 ipsas
1705 2117 1827 2156 partes.
1855 2113 1964 2155 Super
1982 2114 2100 2145 ceteris

278 2182 508 2222 petitionibus,
534 2182 796 2222 exceptionibus
821 2183 852 2212 et
878 2181 1183 2221 repplicationibus
1208 2181 1251 2211 ab
1278 2188 1482 2220 unaquaque
1510 2182 1602 2219 parte
1629 2178 1801 2219 porrectis,
1843 2178 1922 2218 quia
1948 2177 2098 2208 altiorem

279 2244 472 2285 indaginem
498 2247 530 2275 et
557 2245 717 2275 maiorem
744 2252 846 2275 cause
873 2243 1100 2284 cognitionem
1128 2243 1311 2283 requirunt,
1337 2250 1395 2273 eas
1421 2242 1521 2272 nobis
1547 2249 1760 2272 reservamus
1786 2240 1818 2270 in
1845 2242 2017 2280 posterum
2044 2238 2102 2270 de-

278 2307 443 2338 cidendas
469 2309 498 2338 et
525 2306 767 2338 terminandas.
795 2305 856 2337 Per
883 2306 968 2337 lianc
993 2308 1104 2337 tamen
1131 2305 1393 2337 reservationem
1421 2313 1487 2335 non
1515 2303 1676 2334 inferatur
1707 2302 1845 2342 aliquod
1884 2301 2099 2342 preiuditium

279 2369 409 2400 iuribus
435 2369 609 2400 ambarum
637 2369 791 2409 partium.
818 2367 946 2409 Signat.
974 2367 1148 2408 Aluysius.

369 2431 470 2466 Latta,
499 2431 586 2468 data,
606 2431 834 2471 pronuntiata,
848 2432 908 2461 etc.
925 2430 1109 2461 Millesimo
1125 2429 1399 2469 quingentesimo
1414 2428 1678 2468 quadragesimo
1694 2427 1812 2467 primo,
1831 2426 2013 2457 indictione
2031 2423 2100 2461 XV,

281 2493 333 2524 die
360 2493 683 2533 vigesimosecundo
710 2493 836 2524 mensis
862 2492 1061 2530 decembris,
1088 2492 1169 2523 liora
1194 2499 1423 2531 vesperarum,
1442 2490 1643 2521 absentibus
1662 2489 1747 2529 ipsis
1765 2488 1933 2520 ambabus
1947 2486 2101 2528 partibus

279 2555 321 2586 ad
347 2556 410 2586 boc
436 2557 546 2586 tamen
574 2555 744 2596 legiptime
771 2555 893 2592 citatiS,
919 2556 982 2586 ete.
1009 2554 1048 2585 Et
1074 2554 1162 2592 inde,
1188 2556 1260 2591 ete.,
1287 2552 1513 2593 presentibus,
1540 2554 1599 2583 etc.

370 2617 445 2648 Not.
473 2616 540 2648 lob.
567 2616 687 2648 Petrus
714 2616 892 2657 Appianus
918 2616 1045 2656 quond.
1072 2616 1139 2647 lob.
1167 2615 1346 2647 Francisci.
