2305 3407
244 124 304 155 128

328 257 377 287 Ad
405 256 686 287 subdiaconatum

328 318 439 349 Frater
466 317 635 348 Martinus
662 317 701 346 de
730 315 890 346 Vercellis
917 313 1057 345 Ordinis
1084 312 1327 343 Hereinitarum
1354 310 1460 342 sancti
1489 308 1668 349 Augustini

328 380 439 410 Frater
466 379 631 410 lohannes
659 378 827 409 Antonius
853 377 893 407 de
921 375 1070 406 Novaria
1096 373 1236 406 Ordinis
1262 373 1505 404 Herernitarum
1533 371 1638 402 sancti
1666 369 1845 410 Augustini

328 442 440 473 Frater
466 441 634 472 Antonius
660 441 701 471 de
728 439 876 470 Novaria
903 436 1042 469 Ordinis
1070 436 1313 467 Herernitarum
1341 434 1448 466 sancti
1477 433 1656 473 Augustini

327 503 378 534 Ad
405 504 619 534 diaconatum

328 566 438 596 Frater
463 564 630 597 Corsinus
657 564 697 595 de
725 563 889 594 Vercellis
915 561 1055 593 Ordinis
1082 560 1324 591 Heremitarum
1352 558 1460 590 saneti
1487 557 1668 598 Augustini

329 627 439 658 Frater
466 626 661 657 Ludovicus
687 626 727 657 de
754 623 874 656 Crenia
901 622 1041 655 Ordinis
1068 622 1313 653 Heremitarurn
1344 621 1450 652 sancti
1478 619 1658 660 Augustini

329 689 440 720 Frater
468 688 595 720 Paulus
620 689 661 719 de
689 687 910 727 Rornagnano
937 684 1077 717 Ordinis
1104 684 1348 716 Heremitaruin
1375 683 1482 715 sancti
1510 681 1702 722 Augustini.

992 894 1303 935 Dccxcn(

329 1015 501 1051 Religiosi
527 1014 742 1050 agostiniani
768 1013 948 1050 promossi
975 1012 1044 1048 agli
1071 1012 1195 1040 Ordini
1221 1011 1327 1042 sacri,

833 1125 998 1156 1523,
1029 1124 1360 1154 ffloembre‚
1393 1122 1468 1148 19.

748 1223 814 1243 Areli.
833 1222 913 1243 Notar.
930 1222 951 1242 di
969 1221 1039 1242 Pax-ia
1055 1233 1080 1235 ἡ
1098 1221 1146 1241 Atti
1163 1221 1184 1241 di
1201 1220 1259 1241 Gian
1275 1220 1388 1241 Giacorno
1404 1219 1574 1243 Mosae-avalim.

316 1418 427 1536 O
488 1434 667 1463 RDlNATlO
693 1428 883 1466 Generalis
910 1429 941 1459 in
968 1428 1086 1468 capela
1112 1430 1305 1459 constructa
1332 1427 1363 1457 in
1390 1425 1535 1466 collegio
1553 1425 1594 1456 de
1612 1422 1814 1461 Castiliono,
1841 1423 1955 1464 Papie‚
1974 1426 2064 1455 tenta

510 1502 568 1532 per
593 1491 768 1525 Rev.1num
795 1489 868 1522 DD.
895 1490 1076 1522 loliannem
1104 1489 1306 1521 Michaelem
1321 1490 1362 1521 de
1378 1488 1474 1520 lorbo
1492 1488 1693 1528 episcopum
1719 1487 1971 1524 archusensem,
1996 1485 2066 1518 sut-

345 1592 350 1593 7
480 1564 482 1589 i
509 1555 705 1596 fraganeum
732 1555 763 1585 in
790 1554 934 1585 ecclesia
962 1554 1131 1594 papiensi.

331 1619 383 1650 Ad
408 1619 624 1650 diaconatum

332 1681 444 1712 Frater
470 1680 665 1712 Alexander
691 1680 732 1711 de
759 1679 870 1716 lanua,
897 1678 1038 1710 Ordinis
1065 1677 1307 1709 Herernitarum
1334 1675 1442 1707 sancti
1469 1674 1652 1715 Augustini

331 1743 382 1774 Ad
409 1743 637 1774 sacerdotium

333 1805 446 1837 Frater
472 1805 639 1836 Iohannes
666 1803 868 1835 Ambrosius
894 1803 935 1834 de
962 1804 1080 1833 sancto
1106 1801 1248 1842 Angelo,
1274 1799 1414 1832 Ordinis
1441 1799 1683 1830 Heremitarurn
1717 1798 1823 1829 sancti
1850 1796 2044 1838 Augustini.

1071 2002 1248 2043 DCCC.

339 2124 613 2153 Dichiarazione
639 2123 672 2150 di
699 2123 958 2158 adempimento
983 2121 1039 2149 del
1066 2121 1183 2157 legato
1209 2120 1358 2148 Fornari
1384 2119 1477 2148 nella
1503 2119 1625 2147 chiesa
1652 2119 1747 2147 della
1773 2119 1835 2147 SS.
1863 2117 2015 2146 Trinita.

868 2244 1032 2274 1624,
1065 2242 1349 2275 ge1111aio‚
1382 2242 1457 2267 14.

798 2342 873 2363 (Areli.
892 2341 971 2361 Notat.
989 2340 1010 2360 dr
1029 2340 1098 2360 Pax-ia
1114 2351 1138 2353 —
1155 2339 1202 2360 Atti
1219 2339 1240 2359 di
1258 2339 1420 2359 Marcantoniu
1438 2338 1521 2359 Bassi:

322 2536 441 2651 N
503 2553 592 2578 ΕΗΔ
618 2548 728 2579 chiesa
755 2547 841 2578 della
868 2546 926 2579 SS.
958 2546 1091 2578 Tri'ru'tci.
1129 2545 1342 2577 Venerabilis
1382 2545 1542 2576 dominus
1582 2543 1682 2574 frater
1722 2543 1876 2574 Andreas
1902 2543 1943 2573 de
1971 2541 2075 2582 Papia

524 2611 676 2641 sindicus
703 2615 732 2640 et
760 2612 988 2649 procurator...
1030 2608 1223 2639 monasterii
1267 2607 1374 2639 sancti
1417 2605 1595 2646 Augustini
1636 2604 1772 2645 papie...
1810 2606 2013 2644 protestatur
2046 2608 2077 2634 et

524 2673 603 2703 dicit
631 2680 750 2702 versus
776 2672 950 2702 dominum
979 2671 1203 2711 presbiterum
1232 2669 1274 2700 10.
1303 2669 1435 2700 Petrum
1451 2669 1492 2700 de
1507 2667 1661 2700 Caxellis
1686 2667 1861 2698 sacristam
1889 2666 1999 2706 ipsius
2024 2676 2079 2697 ec-

258 2735 360 2765 clesie
388 2739 501 2765 sancte
529 2733 705 2764 Trinitatis
732 2733 868 2773 l'apie...
912 2733 998 2764 facta
1041 2736 1149 2763 tamen
1178 2732 1272 2772 prius
1298 2740 1356 2771 per
1382 2732 1493 2771 ipsutn
1535 2730 1707 2760 dominum
1734 2729 1937 2760 sindicurn...
1963 2728 2076 2759 debita

259 2797 443 2835 dilligentia
471 2797 510 2826 de
539 2796 765 2835 perquirendi)
791 2795 949 2825 dominos
977 2794 1190 2833 l'repusituni
1218 2798 1248 2824 et
1274 2791 1471 2825 Canonicos
1497 2793 1606 2831 ipsius
1631 2791 1806 2822 ecclesie...
1833 2795 1863 2821 et
1891 2790 2005 2821 habito
2032 2799 2081 2820 re-

259 2867 388 2898 sponsu
415 2858 456 2888 ab
485 2859 560 2897 ipsi»
586 2859 726 2887 sacrista
755 2858 849 2896 ipsos
875 2865 994 2887 munes
1021 2855 1089 2886 fore
1115 2856 1276 2886 absentes
1311 2857 1448 2894 propter
1474 2860 1595 2885 inetuin
1635 2853 1797 2884 bellorum
1836 2852 2080 2892 presentialiter

261 2921 454 2959 vigentium.
483 2924 515 2949 ut
543 2929 599 2959 per
627 2920 722 2958 ipsus
750 2919 812 2958 ipsi
841 2919 979 2948 durninu
1021 2918 1110 2948 tratri
1154 2917 1318 2948 Andree...
1347 2916 1410 2946 sibi
1439 2917 1527 2946 tieret
1562 2916 1674 2946 debita
1716 2914 1890 2946 confessio
1915 2919 1945 2945 et
1972 2919 2082 2953 prote-

262 2983 362 3012 statu»
389 2983 575 3012 wccaxiune
603 2981 702 3011 officii
731 2985 760 3011 et
789 2981 983 3020 prontissis
1010 2980 1049 3010 de
1077 2980 1201 3018 quibus
1228 2978 1516 3011 iiifra,ct11eiill‹=
1540 2986 1686 3016 unquam
1715 2977 1824 3007 futuro
1844 2980 1992 3016 ternpore
2012 2985 2080 3005 nu)-
