2305 3407
259 146 324 177 214

1072 326 1270 367 CMIV.

346 446 374 474 11
400 446 558 483 Capitolo
584 445 618 474 di
644 445 679 474 S.
707 445 875 473 Mostiola
901 445 1019 473 riceve
1044 444 1068 472 il
1094 449 1306 480 pagamento
1332 444 1414 472 d'un
1440 445 1562 473 affitto.

881 567 1044 598 1544,
1073 567 1301 598 agusto,
1330 566 1421 591 30.

844 664 912 685 Arch.
930 664 1010 685 Notat.
1027 664 1049 684 di
1067 663 1137 684 Pavia
1153 675 1177 677 —
1195 664 1242 684 Ani
1258 663 1280 684 di
1297 663 1421 685 Gerulanio
1438 663 1486 685 Rho
1504 681 1507 684 .

339 858 434 973 R
502 875 686 903 ADUNATO
711 871 735 902 il
760 869 913 911 Capitolo
938 871 973 902 di
997 870 1030 903 S.
1057 870 1226 908 Mostrbla,
1253 871 1294 902 de
1320 870 1512 901 mandato...
1539 870 1665 901 domini
1692 870 1804 901 fratris
1830 868 2007 910 Seraphini
2033 870 2074 901 de

523 936 640 965 sancto
666 932 796 973 Angelo
823 932 960 971 Prioris,
985 933 1039 964 nel
1062 933 1160 973 quale
1196 942 1294 964 erano
1331 942 1391 964 coti
1427 933 1474 964 lui
1508 932 1608 964 frater
1635 932 1771 966 Rochus
1797 933 1837 963 de
1863 930 2074 972 Camayrana

272 1033 321 1035 Ἦ
344 1032 348 1033 ⁷
523 996 686 1033 sindicus,
704 995 804 1027 frater
830 995 873 1027 Io.
900 995 1054 1036 Baptista
1080 996 1121 1027 de
1147 995 1208 1027 Ast
1234 998 1265 1027 ct
1289 995 1389 1027 frater
1410 995 1613 1028 Guilielmus
1627 996 1668 1027 de
1683 995 1854 1033 Vercellis,
1880 995 2074 1027 facientes...

255 1060 322 1091 fere
349 1062 454 1091 totum
481 1061 512 1090 et
539 1059 703 1099 integrum
742 1058 938 1099 capitulum,
963 1059 994 1090 si
1016 1059 1167 1090 ricevono
1192 1058 1236 1089 da
1261 1058 1464 1090 Bernardino
1501 1057 1691 1099 Rampazzz·
1722 1060 1789 1089 otto
1815 1057 1929 1089 sacclzi
1951 1057 1986 1089 di
2002 1057 2075 1098 fru-

253 1124 371 1158 mento,
394 1130 456 1162 per
478 1120 588 1161 affitto
613 1121 701 1152 d’un
727 1129 814 1152 asmo
843 1121 983 1152 scadulo
1008 1121 1032 1152 il
1051 1122 1158 1161 pritno
1184 1123 1303 1161 agosto
1328 1121 1363 1152 cii
1386 1129 1428 1152 ιιιι
1450 1129 1558 1161 pezzo
1583 1121 1617 1152 di
1641 1122 1724 1152 terra
1749 1121 1784 1152 di
1807 1120 1852 1152 62
1871 1119 2016 1160 peniche
2042 1120 2073 1151 in

255 1185 420 1216 territorio
446 1183 630 1225 Burginovi
657 1182 831 1215 Sicomarii
859 1183 964 1224 Papie
981 1181 1041 1223 (l).

1074 1385 1245 1426 CMV.

343 1504 370 1531 11
396 1504 560 1540 Capitolo
586 1504 621 1532 di
647 1504 680 1532 S.
708 1504 820 1532 Paolo
846 1504 1007 1532 rinunzia
1033 1504 1066 1531 al
1091 1512 1261 1540 possesso
1287 1504 1320 1532 di
1347 1503 1463 1532 alcuni
1490 1503 1611 1532 stabili
1637 1503 1671 1531 in
1696 1503 1940 1539 Marcignago.

852 1635 991 1660 1544
1003 1653 1011 1666 ‚
1041 1636 1365 1660 sette12111re
1377 1650 1390 1665 ‚
1411 1636 1486 1660 12·

821 1724 898 1744 ‹Arcn
917 1724 998 1744 Notar.
1015 1723 1036 1744 di
1054 1723 1124 1744 Pavia
1140 1735 1165 1737 ἡ
1183 1723 1231 1744 Atti
1248 1723 1269 1743 di
1287 1724 1348 1744 Luca
1365 1724 1506 1747 Fianlberti).

326 1909 448 2024 N
504 1926 546 1952 El.
570 1923 757 1953 monastero
783 1921 818 1953 di
842 1921 875 1954 S.
900 1921 1017 1958 Paolo,
1046 1923 1077 1952 in
1103 1930 1234 1953 camera
1260 1921 1465 1961 infrascripti
1492 1921 1618 1952 domini
1646 1920 1755 1953 Patris
1789 1921 1911 1953 Vicarii
1936 1922 1980 1953 ob
2006 1922 2079 1954 eius

527 1984 785 2016 infirmitatem...
823 1983 908 2016 Cum
946 1985 989 2016 sit
1026 1984 1117 2024 quod
1156 1985 1220 2016 iam
1259 1984 1415 2024 pluribus
1439 1986 1472 2015 et
1497 1984 1652 2024 pluribus
1691 1984 1790 2015 annis
1815 1984 2020 2016 reverendus
2045 1984 2077 2015 in

469 2083 489 2084 ἶ
526 2045 663 2079 Christo
690 2049 784 2087 pater
809 2047 969 2077 dominus
994 2045 1095 2078 frater
1119 2044 1321 2078 Gunifortus
1348 2047 1388 2077 de
1416 2045 1565 2087 Regibus
1583 2046 1624 2077 de
1643 2045 1760 2086 Papia,
1779 2047 1810 2077 in
1830 2046 1946 2078 seculo
1972 2047 2079 2078 nomi-

257 2113 356 2141 natus
382 2110 541 2141 dominus
568 2109 696 2141 Pauius
721 2109 810 2140 filius
837 2109 1009 2149 quondam
1037 2109 1165 2140 domini
1193 2108 1384 2150 Augustini,
1411 2109 1593 2149 sumpserit
1620 2109 1770 2140 habitum
1800 2109 1870 2140 divi
1897 2108 2077 2150 Augustini

257 2172 298 2203 de
324 2173 542 2203 observantia
569 2173 600 2203 in
629 2172 833 2203 monasterio
874 2180 933 2203 seu
971 2173 1140 2202 conventu
1183 2171 1289 2202 sancti
1329 2169 1423 2202 Pauli
1461 2172 1555 2202 extra
1581 2173 1612 2202 et
1638 2179 1742 2211 prope
1769 2171 1877 2202 menia
1904 2169 2019 2211 Papie,
2046 2170 2078 2201 in

257 2234 416 2274 dictaque
454 2234 615 2275 religione
653 2233 902 2274 professionem
940 2233 1054 2265 fecerit
1079 2242 1174 2265 suam
1214 2234 1277 2264 iam
1317 2233 1472 2274 pluribus
1497 2236 1528 2264 et
1554 2233 1709 2274 pluribus
1741 2234 1840 2265 annis
1865 2233 2014 2274 elapsis;
2039 2232 2081 2264 ed

258 2296 386 2328 avendo
407 2297 515 2337 prr'ma
540 2296 628 2328 della
656 2297 835 2327 vest1'21'one
853 2295 943 2336 frate
971 2295 1146 2336 Gum‘forto
1172 2296 1322 2336 disposto
1359 2295 1446 2327 della
1482 2304 1543 2326 sua
1576 2297 1744 2331 sostanza,
1774 2295 1990 2326 verbalmente
2014 2294 2081 2327 sol-

258 2361 359 2394 tnnto,
387 2359 418 2390 1'11
437 2358 558 2399 favore
583 2359 618 2390 cli
642 2358 828 2390 Elisubetta
853 2367 915 2389 sna
940 2358 1071 2396 sorella,
1097 2358 1130 2389 Ia
1155 2358 1254 2398 quale
1278 2360 1438 2389 sos-tonza
1463 2358 1651 2389 consisteva
1676 2358 1707 2389 in
1733 2366 1799 2389 una
1824 2366 1905 2389 casa
1923 2366 1983 2389 con
2000 2359 2080 2389 terre

259 2422 290 2452 [η
316 2421 562 2461 Marcignago:
587 2420 757 2461 informati
781 2421 868 2452 (lello
894 2421 1081 2452 [silenzione
1106 2421 1140 2451 di
1157 2420 1247 2461 frate
1275 2419 1460 2460 Gumforto,
1487 2421 1498 2451 i
1520 2421 1596 2451 suoi
1634 2419 1820 2460 corzfratelli
1843 2420 1877 2451 cli
1901 2418 1934 2452 S.
1960 2418 2079 2457 Paolo,

254 2483 415 2514 ¹rudtmaz‘i
450 2491 508 2514 ora
545 2483 576 2514 Ῐη
613 2483 766 2523 capitolo,
806 2483 846 2514 de
884 2483 1076 2514 mandato...
1119 2483 1246 2513 domini
1284 2482 1395 2513 fratris
1429 2481 1524 2514 Pauli
1551 2482 1592 2513 de
1617 2480 1726 2520 Covo,
1751 2482 1983 2513 cremonensis
2008 2481 2081 2513 dio-

260 2546 383 2576 cesis...
410 2544 536 2576 prioris
562 2546 755 2576 monasterii
784 2545 957 2585 predicti...
984 2548 1014 2576 et
1040 2554 1115 2576 cum
1141 2554 1214 2576 eo...
1242 2544 1342 2576 frater
1383 2544 1581 2576 Vincentius
1607 2545 1647 2576 de
1673 2543 1787 2576 Casali
1826 2545 1930 2575 sancti
1965 2543 2079 2575 Evasii

262 2608 420 2644 vicarius,
447 2607 546 2638 frater
572 2607 615 2638 10.
643 2607 810 2638 Antonius
836 2607 878 2638 de
904 2606 1062 2643 Cezadm,
1088 2606 1187 2638 frater
1212 2606 1372 2639 Clemens
1387 2607 1427 2638 de
1444 2606 1560 2647 Papia,
1585 2606 1685 2638 frater
1710 2606 1920 2637 Ilieronimus
1945 2606 1985 2637 de
2005 2606 2082 2637 Mu-

263 2670 341 2702 tina.
369 2669 468 2700 frater
495 2669 708 2709 Augustinus
735 2670 774 2700 de
801 2667 932 2709 Campo
959 2672 1078 2700 sancto
1113 2670 1315 2701 mutinensis
1352 2670 1512 2707 diocesis,
1549 2668 1650 2700 frater
1675 2668 1758 2700 Abel
1786 2669 1827 2700 de
1853 2671 1972 2700 sancto
1998 2667 2081 2700 Ger-

323 2846 352 2865 tlr
368 2845 393 2865 Αἰ
412 2846 434 2865 15
449 2845 565 2865 nicenibrc
583 2845 640 2867 154⁴,
656 2850 699 2865 con
715 2847 765 2865 :itio
785 2845 806 2865 di
828 2844 885 2865 Ginn
906 2845 1020 2870 agos-tino
1035 2844 1145 2869 Guascni,
1202 2844 1280 2865 Priore
1296 2850 1308 2864 c
1323 2845 1358 2864 col
1375 2844 1487 2864 snddctto
1512 2845 1648 2864 sacrcstano
1663 2844 1736 2864 anche
1760 2843 1831 2865 trater
1847 2844 1939 2865 Rociius
1955 2844 1982 2865 de
1998 2844 2079 2865 Cama-

270 2889 374 2909 ndnnxito
390 2890 402 2909 i!
419 2889 522 2914 capitolo
532 2889 554 2909 di
570 2888 592 2910 S.
605 2889 726 2913 Mostiokr,
743 2895 783 2914 pur
798 2889 954 2909 venerabilem
971 2889 1088 2909 dominnm
1105 2888 1148 2909 frn-
1203 2895 1274 2915 yrano
1290 2889 1402 2913 sindicus,
1427 2889 1468 2909 che
1493 2890 1562 2909 fanno
1586 2888 1633 2909 fcrc
1649 2890 1724 2909 totum
1741 2891 1763 2909 ct
1779 2889 1893 2914 integrum
1916 2889 1992 2914 ipsum
2017 2889 2079 2915 capi-

272 2937 329 2954 ircni
346 2933 376 2953 io.
397 2933 528 2958 Baptistnin
552 2934 669 2954 astensem
686 2939 804 2954 cursorem
820 2939 861 2953 sen
878 2934 1058 2953 mansionarium
1075 2935 1096 2953 et
1113 2938 1148 2953 sa·
1203 2933 1285 2958 tulum,
1302 2933 1320 2953 si
1336 2933 1431 2953 rinnova
1447 2938 1459 2953 a
1476 2932 1534 2953 frate
1549 2932 1643 2953 Simone
1659 2932 1686 2953 de
1703 2932 1792 2958 Vajiaie
1814 2933 1976 2953 l'investitura
1992 2938 2033 2958 per
2049 2939 2078 2954 un

271 2978 381 2998 christani
398 2978 471 3003 ipsius
488 2978 648 2998 monasterii...
670 2978 698 2998 de
721 2978 856 2998 mandato..
880 2978 966 2998 donnini
989 2977 1068 2998 fratris
1084 2977 1150 2998 Sera·
1204 2977 1320 2998 novennio
1335 2977 1357 2997 di
1374 2982 1418 2998 una
1433 2982 1487 2997 casa
1504 2982 1516 2997 e
1531 2977 1552 2997 di
1569 2982 1613 2997 una
1630 2977 1698 3003 vigna
1714 2977 1735 2997 di
1752 2977 1812 2998 circa
1827 2977 1854 2998 30
1871 2977 1982 3002 pertiche,
1998 2977 2019 2997 in
2035 2978 2079 2998 ter-

273 3022 335 3048 pnini
352 3022 379 3043 de
395 3022 480 3043 Sancto
496 3022 610 3047 Angeio...
637 3022 730 3047 prioris,
747 3023 782 3043 nel
798 3023 852 3048 qual
876 3023 979 3048 capitulo
995 3023 1012 3043 si
1029 3021 1097 3043 ίῐυνὸ
1112 3022 1148 3043 col
1203 3022 1284 3043 ritorio
1299 3022 1342 3042 loci
1359 3021 1555 3042 Portusalbarellc
1571 3021 1599 3042 de
1615 3022 1674 3042 ultra
1691 3021 1787 3043 Padurn.
