2305 3407
248 187 292 219 76

248 320 482 352 celebraturi...
509 323 618 361 preter
634 323 665 351 et
691 323 804 351 contra
831 329 944 351 eorum
971 322 1001 351 et
1026 319 1206 351 cuiuslibet
1234 320 1384 360 ipsorum
1411 321 1549 352 liberam
1569 323 1710 352 mentem
1737 323 1768 352 et
1793 322 2011 360 voluntatem,
2037 325 2067 354 et

248 387 418 423 tamquam
445 383 550 414 coacti
578 385 608 414 et
634 383 676 414 ad
704 382 735 413 id
762 382 928 423 compulsi
955 391 993 413 ac
1020 385 1106 413 metu
1135 382 1420 421 incarcerationis,
1461 384 1651 415 invasionis
1669 386 1700 414 et
1719 383 1925 422 iniuriarum,
1951 385 2070 425 quales

249 446 278 476 in
306 445 379 476 dies
406 454 464 485 per
490 445 702 486 magnificum
740 445 912 475 domiuum
952 443 1133 475 Iohannem
1161 444 1202 476 de
1229 444 1258 475 la
1286 444 1410 477 Ramea
1441 444 1658 477 Castelazium
1694 444 1803 478 Castri
1831 445 1935 486 Papie
1961 448 1992 478 et
2017 455 2069 478 se-

248 516 375 548 quaces
400 508 473 539 eius
500 507 695 544 inferuntur,
721 516 758 538 ac
785 508 940 538 timentes
967 516 1006 538 ne
1043 509 1157 538 contra
1183 515 1242 538 eos
1267 507 1309 538 ad
1348 507 1512 539 deteriora
1545 508 1757 548 procedatur,
1783 508 1824 539 ad
1851 517 1916 548 que
1957 510 2068 541 omnia

249 570 335 601 idem
362 570 520 601 dominus
547 568 750 601 Castelanus
789 570 896 609 magis
922 570 952 600 in
980 569 1053 600 dies
1094 568 1280 606 invalescit,
1318 571 1416 609 prout
1453 570 1619 601 notorium
1659 579 1717 610 per
1753 570 1861 610 ipsam
1899 571 2068 602 civitatem

247 633 372 663 existit.
400 632 438 663 Et
464 632 562 663 etiam
589 641 630 663 ex
658 641 697 663 eo
724 632 802 671 quia
829 631 946 671 prefati
974 631 1100 662 domini
1128 629 1304 668 Canonici,
1331 640 1389 663 seu
1417 632 1611 664 sacerdotes
1639 633 1701 663 iam
1728 633 1815 663 dicte
1857 631 2070 665 Cathedralis

248 695 388 726 ecclesie
415 694 601 734 papiensis,
627 694 668 724 de
695 694 839 734 presenti
867 693 1079 725 interdictum
1107 694 1217 733 ipsum
1245 702 1380 725 servare
1407 702 1472 725 non
1500 694 1665 732 videntur,
1691 695 1750 726 sed
1778 695 1843 725 imo
1869 694 1981 727 officia
1997 696 2070 736 ipsa

247 757 363 788 divina
390 757 523 797 publice
548 759 578 787 et
604 756 669 787 alta
697 765 789 793 voce,
816 764 854 787 ac
881 756 908 787 si
937 756 1147 787 interdictum
1174 756 1313 796 aliquod
1341 765 1406 787 non
1433 758 1533 794 esset,
1549 757 1740 795 celebrare;
1767 766 1805 788 ac
1832 758 1912 789 citra
1938 766 2071 798 semper

253 820 399 850 animum
428 819 621 850 huiusmodi
649 818 868 850 vociferatum
885 818 1095 850 interdictum
1113 818 1262 849 violandi
1282 827 1319 850 ac
1338 827 1398 849 nec
1417 818 1480 858 ipsi
1501 819 1756 859 quomodolibet
1781 820 2066 851 contraveniendi.

250 881 407 913 Dicentes
433 884 465 912 et
492 883 719 922 protestantes
757 880 874 921 prefati
914 881 1040 912 domini
1080 880 1174 912 Prior
1199 882 1230 912 et
1256 879 1425 919 Sindicus,
1463 882 1535 912 suis
1560 883 1591 913 et
1617 882 1716 913 dictis
1753 882 1947 913 nominibus
1979 883 2069 922 quod

248 944 463 975 cessantibus
489 947 576 975 metu
604 946 634 975 et
661 944 814 975 molestia
842 944 1011 984 predictis,
1039 944 1065 975 si
1094 943 1222 984 prefata
1249 944 1355 974 maior
1394 943 1535 975 ecclesia
1569 944 1678 984 ipsius
1704 945 1850 976 civitatis
1877 944 2069 976 huiusmodi

250 1006 467 1037 vociferatum
496 1006 706 1037 interdictum
749 1006 989 1037 inviolabiliter
1025 1006 1233 1044 observaret,
1271 1007 1393 1046 pariter
1418 1008 1449 1037 et
1475 1007 1539 1047 ipsi
1566 1005 1662 1037 Prior
1686 1009 1717 1038 et
1743 1006 1874 1038 Fratres
1904 1008 1966 1038 iam
1993 1008 2070 1038 dicti

251 1069 442 1099 monasterii
470 1069 574 1099 sancti
604 1067 782 1108 Augustini
811 1068 891 1099 illud
919 1068 1158 1099 inviolabiliter
1194 1068 1406 1100 observaturi
1444 1068 1562 1100 forent.
1601 1069 1639 1100 Et
1665 1069 1816 1101 similiter
1842 1070 1869 1101 si
1895 1070 1989 1101 aliter
2014 1078 2072 1110 per

250 1132 375 1162 dictum
402 1131 575 1161 domiuum
603 1129 832 1168 Castelanum,
871 1131 921 1162 vel
959 1131 1056 1168 alios,
1084 1140 1148 1162 non
1177 1131 1433 1163 molestarentur
1451 1140 1511 1163 nec
1538 1132 1782 1172 perturbentur,
1819 1135 1917 1172 prout
1943 1133 1973 1163 in
1999 1132 2073 1164 dies

250 1194 487 1234 perturbantur
511 1196 542 1224 et
569 1193 797 1224 molestantur.
825 1193 863 1224 Et
889 1194 981 1233 quod
1009 1203 1068 1233 per
1094 1194 1190 1234 ipsos
1217 1193 1363 1225 Priorem
1391 1195 1422 1226 et
1449 1193 1580 1226 Fratres
1607 1203 1671 1225 non
1699 1195 1799 1232 stetit,
1818 1203 1878 1226 nec
1896 1196 1971 1232 stat,
1991 1203 2074 1235 quo-

249 1256 359 1286 minus
385 1255 508 1286 faciant
534 1257 564 1286 et
590 1255 773 1287 observent
798 1256 862 1287 sibi
890 1256 1118 1287 incombentia
1145 1257 1175 1287 in
1204 1256 1266 1293 his,
1293 1256 1395 1288 modo
1421 1258 1452 1288 et
1478 1256 1584 1288 forma
1611 1258 1708 1297 prout
1735 1256 1863 1297 prefata
1890 1257 1996 1288 maior
2020 1266 2074 1288 ec-

248 1318 352 1349 clesia
380 1319 499 1349 matrix
539 1319 647 1358 ipsius
680 1319 827 1350 civitatis
861 1318 938 1349 facit
971 1320 1002 1349 et
1034 1318 1205 1350 observat.
1244 1319 1282 1350 Et
1308 1320 1458 1351 iurarunt
1483 1319 1602 1360 prefati
1638 1319 1732 1351 Prior
1757 1322 1788 1351 et
1814 1318 1984 1358 Sindicus,
2011 1322 2071 1352 etc.

248 1389 351 1421 super
377 1383 494 1421 pectus
520 1389 630 1418 suum,
657 1384 716 1412 etc.
744 1381 937 1413 huiusmodi
966 1382 1248 1422 protestacionem
1276 1390 1340 1413 non
1368 1390 1443 1413 esse
1479 1382 1590 1413 fictam
1630 1390 1690 1413 nec
1723 1382 1924 1419 simulatam,
1949 1384 2009 1413 etc.
2036 1381 2075 1413 Et

252 1443 338 1481 inde,
365 1446 424 1475 etc.
453 1442 682 1481 Presentibus,
708 1446 768 1475 etc.
795 1443 950 1475 testibus.

340 1549 401 1581 Die
428 1549 500 1591 XXJ
528 1550 729 1588 decembris,
759 1551 851 1587 1511,
880 1551 960 1581 hora
988 1559 1094 1588 mane,
1122 1551 1153 1582 in
1179 1551 1314 1582 civitate
1342 1550 1457 1592 Papie,
1484 1551 1643 1583 videlicet
1668 1552 1700 1582 in
1728 1551 1932 1583 monasterio
1958 1553 2073 1583 sancte

253 1612 414 1644 Mustiole
440 1614 471 1643 et
497 1613 527 1643 in
555 1613 708 1644 secundo
734 1613 926 1644 claustro...
954 1612 1121 1645 Dominus
1148 1614 1309 1654 magister
1335 1613 1454 1646 Petrus
1479 1614 1520 1645 de
1546 1612 1762 1646 Castronovo
1787 1622 1880 1646 sacre
1906 1614 2075 1654 theologie

254 1674 438 1714 professor,
465 1673 559 1706 Prior
585 1676 778 1707 monasterii
806 1678 922 1707 sancte
949 1675 1110 1707 Mustiole
1136 1678 1167 1707 et
1192 1676 1352 1708 dominus
1378 1676 1478 1708 frater
1510 1675 1721 1708 Octavianus
1747 1677 1787 1708 de
1813 1676 2076 1708 Vicecomitibus

255 1737 439 1768 sindicus...
467 1737 619 1769 similiter
645 1740 675 1769 et
701 1747 775 1769 cum
803 1739 999 1770 iuramento.

1017 1940 1316 1981 DCCXXX.

344 2049 371 2077 11
397 2049 560 2086 Capitolo
586 2049 620 2077 di
647 2050 680 2078 S.
707 2050 818 2078 Paolo
844 2049 964 2085 elegge
990 2050 1014 2077 il
1040 2058 1103 2078 suo
1129 2050 1375 2078 Procuratore.

877 2172 1028 2203 1612,
1057 2172 1340 2203 αριὶιιειίο,
1369 2172 1446 2197 12.

763 2260 840 2283 (Arch.
858 2260 937 2281 Notat⁴
954 2260 976 2280 di
994 2260 1071 2281 Pavia.
1087 2271 1113 2274 —-
1128 2260 1176 2281 Atti
1192 2260 1214 2281 di
1230 2260 1288 2282 Gian
1305 2260 1418 2286 Agostino
1434 2260 1561 2282 Morasco).

326 2443 443 2559 Α
503 2456 534 2489 S.
562 2457 678 2493 Paolo,
702 2457 756 2489 nel
775 2458 882 2498 pritno
922 2458 1064 2489 cluostro
1104 2458 1187 2489 (love
1211 2458 1242 2489 si
1264 2457 1391 2489 radimo
1416 2457 1440 2489 il
1466 2457 1628 2498 Capitolo.
1671 2457 1881 2489 Venerabilis
1917 2458 2076 2489 dominus

524 2519 622 2550 frater
649 2519 870 2551 Francischus
897 2521 937 2551 de
965 2519 1115 2557 Astulhs,
1142 2520 1182 2551 de
1209 2519 1324 2560 Papia,
1367 2520 1461 2551 Prior
1501 2520 1694 2552 monasterii
1737 2520 1841 2551 sancti
1873 2518 2012 2551 Pauli....
2045 2522 2076 2551 et

524 2582 623 2613 frater
649 2581 774 2613 Paulus
800 2582 840 2613 de
868 2582 973 2623 Papia
1000 2583 1156 2619 vicarius,
1198 2582 1298 2614 frater
1339 2582 1504 2614 lohannes
1530 2582 1638 2614 Maria
1665 2582 1705 2613 de
1731 2581 1847 2622 Papia,
1874 2581 1973 2612 frater
1998 2580 2076 2612 Ber-

258 2644 383 2675 nardus
409 2644 449 2675 de
476 2643 592 2684 Papia,
618 2643 717 2675 frater
744 2644 919 2675 Barnabas
945 2645 985 2676 de
1013 2644 1188 2685 Pergamo,
1215 2645 1314 2676 frater
1340 2644 1498 2676 Albertus
1525 2645 1565 2675 de
1592 2643 1706 2684 Papia,
1742 2643 1841 2674 frater
1878 2642 2076 2675 Valentinus

257 2706 297 2737 de
324 2705 440 2746 Papia,
465 2706 565 2737 frater
591 2706 797 2737 Benedictus
823 2707 863 2737 de
890 2706 1005 2747 Papia,
1032 2707 1132 2739 frater
1170 2707 1363 2739 Alexander
1399 2707 1440 2738 de
1479 2706 1594 2747 Papia,
1632 2706 1731 2738 frater
1767 2705 1911 2738 Sanctus
1949 2706 1989 2737 de
2027 2705 2078 2737 Li-

257 2777 379 2808 gnano,
406 2768 505 2799 frater
531 2768 694 2800 Marchus
720 2769 760 2800 de
786 2767 916 2806 Crema,
954 2769 1053 2800 frater
1091 2768 1227 2801 Patiens
1253 2770 1293 2800 de
1320 2769 1493 2807 Vercellis,
1530 2768 1630 2800 frater
1663 2768 1866 2800 Theodorus
1891 2768 1932 2799 de
1959 2767 2073 2808 Papia.

253 2830 311 2871 ριίὶ
335 2831 370 2862 di
394 2830 456 2862 due
481 2831 561 2862 terzi
585 2830 638 2862 (iel
665 2830 829 2871 Cupiiolo,
855 2831 1017 2870 elegsgono
1038 2834 1249 2871 procuratore
1268 2832 1357 2872 frate
1383 2831 1552 2863 Bernardo
1577 2831 1621 2862 da
1647 2830 1754 2862 Ριινίτι
1770 2828 1830 2870 (l).

314 2988 343 3011 (ll
360 2989 374 3008 ll
390 2988 471 3013 giorno
487 2990 598 3014 scgucute
616 2989 639 3009 13
654 2989 760 3014 genunio,
776 2989 894 3009 l'idcutico
910 2988 1019 3014 Calpitolo
1034 2994 1076 3009 con
1092 2990 1142 3009 atto
1198 2989 1332 3014 parroechia
1349 2989 1370 3009 di
1386 2988 1408 3009 Sv
1427 2988 1499 3009 Maria
1517 2988 1655 3009 Maddalcna
1672 2988 1803 3013 vendutcgli
1819 2988 1856 3008 dal
1876 2987 2005 3009 Convento.

262 3032 283 3052 di
300 3032 357 3053 Oiau
374 3032 501 3053 Domenico
518 3034 604 3054 Ferrari
622 3034 696 3054 riceve
712 3040 740 3054 uu
756 3035 856 3054 acconto
878 3034 912 3054 sui
940 3034 976 3054 100
998 3033 1075 3054 ducati
1098 3033 1138 3053 do·
1246 3033 1271 3054 Al
1290 3034 1313 3053 10
1328 3038 1406 3053 marzo
1424 3033 1481 3058 1512,
1498 3038 1540 3053 cun
1556 3034 1606 3053 atto
1622 3032 1643 3053 di
1660 3032 1717 3053 Gian
1734 3032 1861 3054 Domenico
1877 3032 1964 3053 Ferrari
1980 3033 1994 3053 il
2006 3032 2072 3058 Capi·

261 3077 309 3097 vuti
325 3077 353 3097 da
370 3077 492 3098 Gunifortn
509 3078 618 3099 Carcsani
634 3078 655 3098 di
673 3078 741 3099 Pavia
759 3084 798 3103 per
815 3078 859 3099 duc
875 3079 933 3104 parti
950 3078 971 3098 di
988 3084 1032 3099 una
1048 3083 1101 3098 casa
1119 3078 1138 3098 iu
1195 3078 1243 3098 tolo
1259 3078 1280 3098 di
1297 3077 1319 3099 S,
1337 3077 1408 3098 Paolo
1423 3083 1528 3103 npprova
1544 3083 1588 3098 una
1603 3077 1696 3098 vendita
1712 3077 1733 3097 di
1750 3079 1810 3098 terre
1825 3077 1846 3097 in
1862 3076 1954 3103 Germa,
1970 3077 2028 3098 tana
2043 3077 2071 3097 da
