2305 3407
1940 157 2000 189 167

914 339 1269 380 DCCLXLVI.

271 457 298 484 Il
324 455 476 492 Capitolo
501 456 534 484 di
558 457 590 485 S.
618 456 785 492 Agostino
811 456 851 485 (11
877 456 909 485 in
934 457 1041 485 affitto
1067 456 1077 484 i
1101 456 1177 485 beni
1202 457 1234 485 di
1262 457 1454 485 Albuzzano
1480 466 1499 485 a
1523 457 1608 485 frate
1645 457 1804 486 Timoteo
1830 458 1975 487 Crivelli.

832 578 987 610 13:33,
1019 579 1228 611 aprile,
1261 579 1351 606 28.

705 675 783 699 (Arch.
800 676 881 696 Notar.
898 676 919 696 di
937 675 1015 696 Pavia.
1032 687 1056 690 —
1073 676 1120 697 Atti
1136 676 1158 696 di
1175 676 1314 697 Baldassare
1331 676 1484 702 Imperatori).

283 859 329 974 I
430 878 452 903 Ν
478 872 654 904 refectorio
695 874 802 904 sancti
844 872 1024 914 Augustini
1053 872 1167 914 Papie,
1195 874 1226 904 in
1253 872 1352 905 Porta
1379 873 1499 912 Aurea,
1530 873 1693 905 Parochia
1727 875 1832 906 sancti
1860 874 2003 906 Andree.

422 929 424 942 ³
452 934 638 968 Reverendi
666 934 869 975 infrascripti
897 935 1016 967 tratres
1042 936 1148 967 sancti
1177 935 1388 976 Augustini...
1431 936 1589 968 videlicet
1615 937 1820 968 reverendus
1845 937 2004 969 dominus

451 997 551 1028 frater
576 996 713 1028 Gabriel
740 997 780 1028 de
807 997 912 1038 Papia
955 997 1058 1035 Prior,
1095 998 1254 1029 dominus
1296 999 1454 1039 magister
1481 999 1648 1030 Martinus
1674 999 1715 1030 de
1742 999 1917 1040 Triviglio,
1944 1000 2004 1031 do-

184 1059 295 1090 minus
333 1059 492 1099 magister
528 1058 775 1099 Sigixmondus
813 1059 853 1090 de
894 1059 1079 1101 Triviglio,
1121 1069 1214 1092 sacre
1251 1061 1420 1102 theologie
1459 1061 1681 1102 professores,
1723 1064 1754 1093 et
1794 1071 1867 1093 cum
1910 1063 2003 1100 eis.‚..

184 1121 395 1153 venerabiles
436 1121 561 1152 domini
600 1121 700 1153 frater
742 1121 897 1153 Aurelius
923 1122 964 1154 de
991 1121 1133 1161 Candia,
1171 1123 1269 1154 frater
1295 1122 1503 1164 Seraphinus
1529 1124 1569 1155 de
1596 1128 1712 1156 sancto
1739 1124 1879 1165 Angelo,
1905 1125 2006 1156 frater

183 1182 418 1215 Christoforus
443 1183 484 1215 de
512 1183 628 1224 Papia,
669 1183 770 1215 frater
809 1184 971 1215 Nicolaus
1009 1185 1050 1216 de
1088 1185 1202 1223 Lenta,
1239 1185 1338 1217 trater
1365 1186 1563 1217 Laurentius
1589 1187 1629 1218 de
1656 1186 1771 1227 Papia,
1800 1187 1899 1218 frater
1925 1187 2005 1218 Thi-

186 1245 322 1277 burcius
348 1246 390 1276 de
417 1245 625 1282 Mediolano,
667 1245 767 1277 frater
807 1246 949 1278 lacobus
975 1247 1015 1278 de
1041 1249 1159 1279 sancto
1200 1248 1376 1279 Nazario...
1411 1251 1683 1288 representantes
1710 1250 1869 1281 maiorem
1896 1252 1926 1281 et
1952 1259 2005 1281 sa-

183 1308 309 1338 niorem
351 1309 476 1347 partem
518 1306 711 1348 Capituli....
753 1305 1015 1349 investiverunt]
1040 1311 1071 1340 et
1112 1310 1297 1341 investiunt
1338 1311 1557 1341 reverendum
1600 1319 1693 1342 sacre
1734 1311 1902 1351 theologie
1929 1321 2006 1351 pro-

181 1370 344 1402 fessorem
385 1370 559 1401 dominum
601 1371 797 1411 magistrum
840 1370 1080 1402 Thimotheum
1107 1372 1148 1403 de
1175 1370 1345 1403 Cribellis.
1387 1371 1526 1404 Ordinis
1567 1374 1789 1413 suprascripti
1815 1376 2004 1405 conventus

182 1433 288 1463 sancti
316 1431 508 1473 Augustini,
536 1432 660 1463 ibidem
688 1434 912 1472 presentem...
938 1442 956 1464 a
982 1433 1070 1464 festo
1096 1435 1202 1465 sancti
1231 1434 1366 1465 Martini
1394 1435 1548 1474 proxime
1575 1434 1686 1466 futuro
1707 1444 1813 1475 usque
1833 1436 1874 1467 ad
1894 1445 2003 1467 annos

182 1494 297 1525 decem
324 1496 355 1525 et
380 1496 456 1525 octo
483 1495 638 1534 proxime
663 1494 828 1526 futuros...
855 1495 896 1526 de
922 1497 991 1526 tota
1017 1498 1048 1527 et
1075 1497 1232 1528 universa
1259 1497 1482 1537 possessione
1509 1498 1618 1537 ipsius
1651 1499 1844 1529 monasterii
1871 1501 1902 1529 et
1927 1508 2006 1530 con-

182 1558 334 1587 ventus...
362 1557 425 1587 sita
453 1557 483 1587 in
510 1556 585 1588 loco
612 1559 643 1588 et
669 1557 835 1588 territorio
863 1556 1027 1589 Albuzani
1068 1567 1253 1599 campanee
1291 1560 1477 1600 papiensis,
1504 1560 1730 1600 perticharum
1750 1561 1925 1592 tricentum
1953 1562 2003 1592 vel

180 1619 303 1656 circha,
330 1619 372 1650 ad
399 1619 600 1649 solvendum
627 1619 717 1649 omni
744 1627 844 1656 annO,
871 1620 902 1650 in
929 1619 1016 1651 festo
1054 1621 1159 1652 sancti
1188 1621 1336 1658 Martini,
1363 1621 1405 1652 ad
1432 1624 1628 1662 computum
1659 1623 1832 1653 soldorum
1861 1626 2005 1663 quatuor

185 1690 245 1721 pro
271 1681 404 1722 singula
432 1681 581 1721 perticha
598 1678 659 1720 (1).

240 1840 269 1864 tl)
284 1839 325 1860 Nel
341 1839 443 1865 capitolo
459 1839 583 1860 adunatosi
599 1839 612 1860 il
628 1840 640 1861 5
656 1839 746 1865 maggio
759 1839 810 1860 1533
819 1845 859 1865 per
867 1839 995 1860 deliberare
1006 1840 1064 1861 sulla

185 1883 279 1904 vendita
295 1883 316 1904 di
333 1889 377 1904 una
393 1883 461 1909 vigna
477 1883 499 1904 di
515 1884 527 1904 ⁴
543 1884 646 1909 perticlie
668 1883 727 1904 nella
747 1889 876 1909 campagna
892 1884 913 1904 di
931 1883 1009 1909 Pavia,
1023 1884 1060 1905 ubi

183 1928 267 1949 dicitur
283 1928 305 1948 in
321 1927 424 1954 Payolla,
441 1928 469 1948 da
485 1927 540 1948 farsi
555 1927 585 1948 ad
601 1927 727 1953 Ambrogio
745 1927 836 1949 Cortesi
853 1933 894 1954 per
909 1928 922 1948 il
939 1934 1024 1954 prezzo
1040 1928 1061 1949 di

184 1973 219 1993 tre
234 1972 299 1993 scudi
325 1972 348 1993 d'
358 1978 399 1993 oro
424 1972 460 1993 del
486 1972 544 1998 sole,
569 1978 612 1993 con
637 1974 688 1993 atto
704 1972 725 1993 di
742 1972 866 1993 Gerolamo
882 1972 938 1998 Rho,
955 1973 976 1993 vi
992 1978 1062 1993 erano

185 2017 257 2037 anche
273 2016 344 2037 irater
360 2017 502 2037 Fortunatus
518 2017 546 2037 de
562 2016 652 2037 Cerano
668 2017 749 2042 lector,
765 2016 836 2037 irater
852 2017 960 2037 leremias
975 2017 1003 2038 de
1018 2017 1066 2038 Me-

185 2061 278 2082 diolano
293 2061 365 2082 lector
380 2061 539 2086 (cancellatum
562 2060 633 2081 trater
657 2061 736 2081 Nicola
752 2061 780 2081 de
797 2060 920 2082 Pinarollo.
938 2061 969 2081 Lo
984 2063 1062 2082 stesso

185 2105 266 2131 giorno
282 2105 300 2126 si
316 2105 338 2126 fa
354 2105 367 2125 il
383 2105 486 2126 secondo
511 2106 624 2126 trattato:
649 2105 670 2125 ai
685 2105 698 2125 ὃ
713 2105 805 2131 maggio
827 2105 845 2126 si
868 2104 889 2126 fa
906 2106 919 2126 il
935 2107 1000 2126 terzo
1016 2112 1027 2126 e
1043 2106 1063 2126 la

185 2150 286 2171 vendita.
304 2150 345 2170 Fra
362 2149 366 2170 i
383 2149 502 2170 testimoni
518 2149 529 2170 e
546 2149 686 2170 reverendus
702 2149 810 2170 dominus
825 2149 962 2170 Thimoteus
978 2149 1006 2170 de
1017 2149 1064 2171 Cri-

185 2194 259 2220 beliis,
275 2194 456 2219 archipresbiter
472 2194 514 2214 loci
531 2193 604 2214 sancti
622 2194 722 2214 Zenonis
737 2199 863 2219 campanee
885 2194 1011 2219 papiensis,

237 2238 262 2260 Αἰ
278 2239 289 2258 7
307 2239 397 2264 maggio
413 2239 434 2259 10
451 2240 528 2259 stesso
544 2238 646 2263 capitolo
663 2238 736 2259 vende
760 2238 774 2258 l’
785 2238 840 2258 utile
863 2238 965 2259 dominio
981 2238 1002 2258 di
1019 2244 1062 2259 una

185 2289 239 2304 casa
255 2283 276 2303 111
293 2283 428 2308 parroechia
445 2283 466 2303 di
482 2282 504 2303 S.
521 2282 616 2308 Giorgio
632 2282 653 2303 in
670 2282 795 2303 Fornarolo
811 2288 823 2302 a
840 2282 952 2303 Giovanni
970 2282 1064 2303 Pessima

185 2333 225 2353 per
240 2328 280 2348 lire
296 2327 408 2353 imperiali
426 2328 470 2348 155.
489 2327 571 2347 L'atto
587 2326 599 2347 e
615 2328 697 2352 rogato
714 2326 742 2347 da
759 2326 859 2352 Ippolito
875 2326 983 2347 Taceoni.

238 2372 263 2393 Αἰ
279 2372 301 2392 21
320 2372 391 2397 luglio
406 2377 449 2392 con
460 2373 511 2392 atto
527 2371 548 2392 di
565 2370 622 2392 Gian
638 2371 733 2392 Alberto
755 2371 873 2396 Morasco,
896 2371 1011 2391 radunato
1027 2371 1061 2391 nel

184 2416 287 2437 chiostro
303 2416 324 2436 di
341 2416 363 2437 S.
381 2416 493 2441 Agostino
510 2416 522 2435 il
539 2415 647 2441 Capitolo
664 2421 704 2441 per
719 2415 799 2436 ordine
815 2415 850 2435 del
868 2414 945 2435 Priore
962 2417 1063 2435 maestro

184 2460 243 2481 irate
258 2460 345 2486 Spirito
369 2459 397 2480 da
423 2460 520 2485 Milam),
536 2459 557 2480 in
573 2459 608 2480 cui
625 2465 695 2480 erano
717 2465 759 2480 con
783 2459 812 2479 lri
835 2459 936 2484 presenti
953 2459 1063 2484 magister

184 2504 276 2526 Gabriel
292 2504 320 2525 de
337 2504 416 2530 Papia,
433 2504 543 2529 magister
559 2503 675 2524 Martinus
691 2503 719 2524 de
735 2503 878 2527 Mediolano,
894 2504 965 2523 irater
981 2503 1060 2523 Fortu-

184 2550 253 2569 natus
270 2548 298 2569 dc
315 2548 385 2574 Papia
411 2548 484 2569 lector
499 2549 521 2568 et
537 2548 654 2573 subprior,
680 2547 751 2568 frater
775 2547 917 2572 Seraphinus
937 2547 965 2567 de
980 2549 1062 2567 sancto

183 2593 280 2618 Angelo,
295 2592 366 2613 trater
381 2593 486 2613 Valerius
502 2592 530 2612 de
546 2592 630 2617 Brixia,
646 2591 717 2613 irater
732 2592 876 2617 Augustinus
885 2591 913 2612 de
922 2591 1061 2616 Montealto,

183 2637 254 2658 irater
270 2637 360 2658 Luciias
383 2637 411 2658 de
437 2637 514 2662 Burgo
539 2637 612 2657 sancti
638 2637 730 2662 Donini,
753 2636 823 2657 irater
846 2635 1006 2657 christoforus
1028 2636 1056 2656 de

184 2681 255 2707 Papia
284 2682 433 2706 cancellato),
458 2681 529 2702 frater
554 2681 692 2702 Laurentius
708 2680 735 2701 de
753 2680 833 2706 Papia,
849 2680 920 2701 irater
936 2680 1014 2701 Nicola
1031 2680 1058 2700 dc

185 2726 264 2752 Lenta,
279 2725 350 2746 frater
365 2725 487 2746 Tiburtius
496 2725 523 2746 de
533 2725 676 2751 Mediolano,
688 2725 759 2746 irater
770 2725 868 2746 lacobus
883 2725 911 2745 de
927 2726 1008 2746 sancto
1020 2724 1062 2744 Na-

182 2770 253 2795 zario,
268 2769 340 2791 frater
355 2769 439 2791 Petrus
454 2770 482 2790 de
498 2770 610 2795 Marsilia,
627 2769 665 2795 piu
682 2769 703 2790 di
720 2769 764 2790 due
780 2769 837 2790 terzi
853 2769 889 2789 del
906 2768 1022 2794 Capitolo,
1039 2768 1057 2788 si

182 2814 262 2840 elegge
277 2816 430 2840 procuratore
445 2815 481 2835 del
497 2816 613 2835 convento
635 2814 694 2835 frate
709 2813 814 2835 Seratino
837 2813 866 2834 da
888 2813 1058 2839 Sant'Angelo,

182 2859 349 2884 specialmente
365 2864 405 2885 per
420 2859 520 2880 alienare
535 2859 610 2880 alcuni
635 2859 685 2879 beni
702 2859 722 2879 in
739 2858 856 2879 terrItorio
872 2858 893 2878 di
910 2857 1035 2879 Coniienza
1050 2862 1062 2878 c

182 2908 223 2928 per
238 2902 366 2923 riscuotere
381 2903 436 2923 certi
453 2902 533 2924 crediti
550 2902 586 2923 del
601 2902 624 2923 fu
641 2904 743 2923 maestro
758 2901 817 2922 frate
834 2901 911 2922 pietro
927 2901 955 2922 da
971 2901 1059 2922 Castel-

183 2952 268 2967 nuovo.

235 2990 260 3011 Αἰ
278 2990 302 3012 10
316 2991 452 3017 settembre,
468 2996 511 3012 con
526 2992 577 3012 atto
592 2991 614 3011 di
630 2991 688 3012 Gian
707 2991 802 3012 Albertu
818 2991 936 3015 Morasco,
953 2990 1059 3011 nelchin-

181 3035 231 3055 stro
255 3034 276 3055 di
301 3034 324 3055 S.
341 3034 462 3061 Agostino,
486 3034 590 3056 adunato
615 3035 628 3055 il
653 3034 770 3061 Capitolo,
796 3034 907 3055 d'ordine
923 3034 959 3055 del
977 3034 1054 3055 Priore

1120 1842 1223 1861 maestro
1239 1840 1298 1862 irate
1313 1840 1401 1867 Spirito
1417 1841 1446 1862 da
1462 1841 1557 1867 Milano,
1574 1841 1609 1862 nel
1626 1841 1679 1867 qual
1704 1841 1807 1867 capitolo
1823 1847 1894 1862 erano
1909 1847 1952 1862 con
1969 1841 1998 1862 lni

1118 1885 1229 1910 magister
1252 1885 1324 1906 frater
1348 1885 1440 1906 Gabriel
1457 1885 1485 1906 de
1501 1885 1598 1911 Papia...
1625 1885 1745 1906 Provincie
1771 1886 1897 1906 Mediolani
1913 1886 1996 1907 Vicarii

1117 1929 1262 1950 Generalis...
1279 1930 1390 1955 magister
1405 1930 1521 1951 Martinus
1537 1930 1564 1951 de
1581 1930 1690 1956 TreviliO,
1702 1931 1812 1956 magister
1824 1930 1907 1951 Petrus
1918 1931 1946 1951 de
1958 1930 1999 1951 Ca-

1118 1973 1192 1999 nellis,
1209 1974 1320 2000 magister
1335 1973 1499 2000 Sigismondus
1514 1974 1542 1995 de
1558 1974 1701 2000 Mediolano,
1726 1975 1797 1995 frater
1822 1975 1892 1996 lulius
1907 1975 1935 1995 de
1951 1975 2000 1995 Me·

1121 2017 1214 2038 diolano
1230 2018 1385 2043 bachalarius,
1402 2019 1545 2039 Fortunatus
1561 2018 1588 2039 de
1604 2018 1702 2043 Cerano,
1719 2018 1861 2044 Seraplinis
1877 2019 1904 2039 de
1916 2021 1998 2039 sancto

1117 2061 1213 2087 Angelo,
1230 2062 1335 2083 Valerius
1352 2062 1380 2083 de
1396 2062 1480 2087 Brixia,
1497 2062 1657 2083 Christoforus
1673 2063 1701 2083 de
1718 2063 1797 2088 Papia,
1813 2063 1958 2088 Augustinus
1970 2063 1997 2084 110

1119 2106 1258 2129 Montealto.
1275 2107 1385 2127 Nicotaus
1401 2107 1428 2127 de
1445 2107 1524 2131 Lenta,
1540 2107 1675 2128 Vincentius
1690 2107 1718 2128 de
1734 2107 1856 2132 Valgrana,
1870 2107 1958 2128 Luclias
1970 2107 1997 2128 dc

1119 2150 1195 2175 Burgo
1211 2151 1284 2171 sancti
1301 2151 1392 2176 Domni,
1408 2151 1545 2171 Tliiburtius
1561 2151 1588 2171 de
1604 2151 1746 2175 Mediolano,
1763 2152 1861 2172 lacobus
1876 2152 1904 2172 de
1915 2154 1997 2172 sancto

1121 2194 1220 2215 Nazario
1236 2196 1258 2215 et
1275 2194 1357 2215 Petrus
1373 2195 1400 2215 de
1417 2195 1545 2219 Provenza,
1562 2195 1599 2220 piu
1617 2195 1637 2215 di
1655 2195 1699 2216 due
1720 2196 1775 2216 terzi
1792 2195 1827 2216 del
1844 2195 1961 2221 Capitol-i,
1977 2197 1995 2217 si

1118 2239 1198 2264 elegge
1213 2244 1225 2259 a
1242 2240 1394 2264 procuratore
1419 2239 1455 2259 del
1480 2239 1601 2260 Convento
1626 2239 1684 2260 frate
1710 2240 1837 2260 Fortunato
1853 2240 1881 2260 da
1898 2239 1994 2263 Cerano,

1119 2288 1160 2308 per
1175 2283 1274 2308 prender
1290 2289 1402 2309 possesso
1418 2283 1453 2304 dei
1471 2284 1531 2305 beni,
1548 2284 1681 2309 qualunque
1704 2284 1777 2307 siano,
1797 2284 1885 2305 lasciati
1901 2285 1922 2305 al
1938 2284 1997 2305 Con-

1119 2328 1189 2347 vento
1205 2327 1233 2347 da
1249 2327 1308 2348 irate
1323 2328 1429 2348 Floriano
1445 2328 1473 2348 de
1489 2328 1670 2352 Quartironibus
1686 2328 1713 2349 de
1729 2328 1842 2349 Cremona
1859 2329 1994 2349 eremitano.

1170 2371 1194 2392 Ai
1214 2372 1237 2392 13
1252 2372 1345 2392 ottobre
1363 2372 1420 2396 1533,
1436 2378 1478 2393 con
1494 2374 1545 2393 atto
1562 2378 1618 2398 pure
1640 2372 1661 2393 di
1685 2373 1794 2393 Morasco
1816 2373 1920 2398 Albento,
1937 2373 1995 2393 uella

1118 2421 1172 2435 casa
1188 2415 1223 2436 (101
1240 2416 1327 2441 notaio,
1344 2416 1364 2436 in
1382 2415 1519 2437 Parroccliia
1535 2416 1556 2436 di
1573 2416 1596 2437 S.
1614 2416 1687 2437 Maria
1704 2417 1725 2437 in
1742 2417 1840 2441 Pertica,
1857 2417 1995 2438 venerahilis

1118 2459 1225 2480 dominus
1241 2459 1311 2480 trater
1328 2460 1469 2481 Fortunatus
1485 2460 1513 2481 de
1529 2460 1627 2485 Cerauo,
1644 2463 1795 2486 procuratore
1817 2462 1853 2482 del
1874 2462 1994 2482 Convento

1115 2503 1136 2523 di
1153 2503 1175 2523 S.
1192 2503 1313 2529 Agostino,
1331 2510 1371 2529 per
1385 2505 1412 2524 30
1426 2504 1491 2525 scudi
1508 2505 1529 2525 d·
1540 2511 1581 2525 oro
1597 2505 1632 2525 del
1645 2505 1702 2531 sole,
1714 2506 1787 2526 vende
1802 2511 1814 2526 :1
1831 2506 1942 2526 Giovanni
1956 2505 1994 2526 Sa-

1117 2548 1187 2572 vioni,
1209 2548 1230 2568 di
1256 2547 1369 2569 Cremeno
1394 2549 1452 2569 nella
1475 2549 1619 2574 Valsassina,
1644 2556 1673 2570 un
1690 2551 1758 2575 prato
1774 2550 1795 2570 di
1813 2551 1915 2575 pcrticlie
1930 2551 1992 2571 30111

1117 2591 1170 2617 quel
1185 2591 1263 2617 luog0,
1280 2593 1409 2617 pervcnuto
1424 2593 1445 2612 al
1461 2594 1576 2613 convento
1592 2598 1632 2618 per
1648 2593 1730 2614 lascito
1746 2599 1805 2614 nunc
1821 2594 1938 2619 quondam
1954 2594 1994 2614 do>

1112 2636 1164 2656 1111111
1181 2635 1258 2656 fratris
1274 2636 1372 2656 Floriani
1388 2636 1415 2656 de
1432 2636 1613 2661 Qtiartironibns
1636 2638 1689 2658 olim
1717 2637 1794 2658 fratris
1821 2639 1919 2663 prnlessi
1937 2638 1990 2659 (11011

1115 2679 1216 2700 Ordinis

1170 2724 1219 2749 Agli
1235 2724 1247 2744 8
1262 2724 1395 2749 novembre,
1412 2730 1454 2745 con
1470 2726 1521 2746 atto
1537 2725 1596 2746 dello
1612 2727 1690 2747 stesso
1706 2726 1815 2747 Morasco
1838 2727 1872 2747 nel
1889 2727 1991 2748 cliiostro

1114 2769 1134 2789 di
1151 2768 1173 2789 S.
1191 2768 1312 2794 Agostino,
1329 2769 1443 2790 radunato
1459 2770 1472 2790 il
1489 2769 1598 2795 Capitoli)
1614 2770 1726 2791 d'ordine
1742 2771 1777 2791 del
1795 2771 1873 2792 Priore
1889 2774 1991 2793 macstro

1114 2812 1172 2833 frate
1189 2812 1275 2838 Spirito
1291 2813 1319 2833 da
1336 2813 1430 2836 Milanu.
1454 2814 1475 2834 in
1498 2814 1533 2834 cui
1557 2819 1627 2834 erano
1650 2815 1752 2840 presenti
1775 2821 1817 2836 con
1834 2816 1863 2836 lui
1881 2816 1990 2841 magister

1117 2856 1208 2877 Gabriel
1224 2856 1252 2877 de
1269 2856 1348 2882 Papia.
1366 2858 1475 2883 magister
1491 2858 1607 2879 Martinus
1623 2859 1651 2879 de
1666 2859 1770 2885 Trivilio,
1796 2860 1906 2885 magister
1921 2859 1991 2885 Sigis-

1113 2900 1212 2921 mondus
1228 2900 1255 2921 de
1272 2900 1374 2926 Trivili0,
1400 2901 1471 2922 frater
1487 2902 1557 2923 lulius
1566 2903 1594 2923 de
1605 2903 1739 2924 Mediolano
1754 2904 1907 2929 bachalarius‚
1919 2904 1989 2925 113101

1113 2945 1254 2966 Fortunatus
1270 2945 1297 2965 de
1314 2944 1403 2966 Cerano
1426 2946 1506 2970 lector,
1531 2946 1650 2968 Seratinus
1675 2947 1702 2968 de
1727 2950 1809 2968 sancto
1825 2948 1930 2973 Angeno,
1947 2948 1989 2969 Va-

1113 2989 1183 3010 lerius
1198 2989 1226 3009 de
1242 2988 1326 3015 Brixia,
1343 2989 1541 3016 Michaclangelus
1556 2991 1584 3012 de
1600 2991 1752 3017 Cremagnola
1772 2997 1861 3017 cursor,
1877 2992 1988 3013 Silvester

1110 3033 1138 3054 de
1155 3032 1232 3059 plebe,
1248 3033 1393 3059 Augustinus
1417 3034 1446 3055 de
1471 3035 1610 3060 Montealto,
1636 3036 1715 3057 Nicola
1732 3036 1760 3057 de
1777 3036 1856 3062 Lenta,
1873 3036 1942 3057 lulius
1958 3037 1986 3057 de
