<?xml version="1.0" encoding="UTF-8"?>
<!DOCTYPE html PUBLIC "-//W3C//DTD XHTML 1.0 Transitional//EN"
    "http://www.w3.org/TR/xhtml1/DTD/xhtml1-transitional.dtd">
<html xmlns="http://www.w3.org/1999/xhtml" xml:lang="en" lang="en">
 <head>
  <title>
</title>
<meta http-equiv="Content-Type" content="text/html;charset=utf-8" />
  <meta name='ocr-system' content='tesseract 3.04.00' />
  <meta name='ocr-capabilities' content='ocr_page ocr_carea ocr_par ocr_line ocrx_word'/>
</head>
<body>
  <div class='ocr_page' id='page_1' title='image "./codexdiplomaticu03maiouoft_0102.png"; bbox 0 0 2305 3407; ppageno 0'>
   <div class='ocr_carea' id='block_1_1' title="bbox 277 160 320 191">
    <p class='ocr_par' dir='ltr' id='par_1_1' title="bbox 277 160 320 191">
     <span class='ocr_line' id='line_1_1' title="bbox 277 160 320 191; baseline 0 0"><span class='ocrx_word' id='word_1_1' title='bbox 277 160 320 191; x_wconf 85' lang='lat'>42</span> 
     </span>
    </p>
   </div>
   <div class='ocr_carea' id='block_1_2' title="bbox 1092 364 1282 405">
    <p class='ocr_par' dir='ltr' id='par_1_2' title="bbox 1092 364 1282 405">
     <span class='ocr_line' id='line_1_2' title="bbox 1092 364 1282 405; baseline -0.005 -1"><span class='ocrx_word' id='word_1_2' title='bbox 1092 364 1282 405; x_wconf 93' lang='lat' dir='ltr'><strong>DCCII.</strong></span> 
     </span>
    </p>
   </div>
   <div class='ocr_carea' id='block_1_3' title="bbox 369 472 1963 514">
    <p class='ocr_par' dir='ltr' id='par_1_3' title="bbox 369 472 1963 514">
     <span class='ocr_line' id='line_1_3' title="bbox 369 472 1963 514; baseline -0.006 -8"><span class='ocrx_word' id='word_1_3' title='bbox 369 479 395 506; x_wconf 92' lang='lat'>11</span> <span class='ocrx_word' id='word_1_4' title='bbox 422 477 583 514; x_wconf 84' lang='lat' dir='ltr'>Capitolo</span> <span class='ocrx_word' id='word_1_5' title='bbox 609 477 643 505; x_wconf 89' lang='lat' dir='ltr'>di</span> <span class='ocrx_word' id='word_1_6' title='bbox 670 477 703 507; x_wconf 81' lang='lat' dir='ltr'>S,</span> <span class='ocrx_word' id='word_1_7' title='bbox 730 475 903 512; x_wconf 83' lang='lat' dir='ltr'>Agostino</span> <span class='ocrx_word' id='word_1_8' title='bbox 928 484 946 503; x_wconf 88' lang='lat' dir='ltr'>e</span> <span class='ocrx_word' id='word_1_9' title='bbox 972 475 996 502; x_wconf 90' lang='lat' dir='ltr'>il</span> <span class='ocrx_word' id='word_1_10' title='bbox 1023 474 1205 503; x_wconf 86' lang='lat' dir='ltr'>Convento</span> <span class='ocrx_word' id='word_1_11' title='bbox 1231 473 1265 501; x_wconf 91' lang='lat' dir='ltr'>di</span> <span class='ocrx_word' id='word_1_12' title='bbox 1292 473 1326 501; x_wconf 92' lang='lat' dir='ltr'>S.</span> <span class='ocrx_word' id='word_1_13' title='bbox 1355 472 1486 509; x_wconf 85' lang='lat' dir='ltr'>Spirito</span> <span class='ocrx_word' id='word_1_14' title='bbox 1511 475 1717 508; x_wconf 84' lang='lat' dir='ltr'>permutano</span> <span class='ocrx_word' id='word_1_15' title='bbox 1742 479 1787 498; x_wconf 82' lang='lat' dir='ltr'>un</span> <span class='ocrx_word' id='word_1_16' title='bbox 1812 474 1963 498; x_wconf 87' lang='lat' dir='ltr'>terreno.</span> 
     </span>
    </p>
   </div>
   <div class='ocr_carea' id='block_1_4' title="bbox 892 594 1489 626">
    <p class='ocr_par' dir='ltr' id='par_1_4' title="bbox 892 594 1489 626">
     <span class='ocr_line' id='line_1_4' title="bbox 892 594 1489 626; baseline -0.005 -5"><span class='ocrx_word' id='word_1_17' title='bbox 892 596 1029 621; x_wconf 71' lang='lat'>1608</span> <span class='ocrx_word' id='word_1_18' title='bbox 1041 611 1054 626; x_wconf 72' lang='lat'><em>9</em></span> <span class='ocrx_word' id='word_1_19' title='bbox 1087 594 1353 620; x_wconf 65' lang='lat' dir='ltr'>sehin-nio</span> <span class='ocrx_word' id='word_1_20' title='bbox 1364 609 1378 625; x_wconf 76' lang='lat'>9</span> <span class='ocrx_word' id='word_1_21' title='bbox 1412 594 1489 618; x_wconf 80' lang='lat'>12.</span> 
     </span>
    </p>
   </div>
   <div class='ocr_carea' id='block_1_5' title="bbox 783 681 1601 707">
    <p class='ocr_par' dir='ltr' id='par_1_5' title="bbox 783 681 1601 707">
     <span class='ocr_line' id='line_1_5' title="bbox 783 681 1601 707; baseline -0.005 -2"><span class='ocrx_word' id='word_1_22' title='bbox 783 685 860 707; x_wconf 64' lang='lat' dir='ltr'>(Art-liv</span> <span class='ocrx_word' id='word_1_23' title='bbox 886 684 966 704; x_wconf 53' lang='lat' dir='ltr'>Notas</span> <span class='ocrx_word' id='word_1_24' title='bbox 983 684 1005 704; x_wconf 84' lang='lat' dir='ltr'>di</span> <span class='ocrx_word' id='word_1_25' title='bbox 1023 683 1100 704; x_wconf 75' lang='lat' dir='ltr'>Paviu.</span> <span class='ocrx_word' id='word_1_26' title='bbox 1125 694 1149 696; x_wconf 95' lang='lat'><strong>—</strong></span> <span class='ocrx_word' id='word_1_27' title='bbox 1166 683 1213 703; x_wconf 75' lang='lat' dir='ltr'>Atti</span> <span class='ocrx_word' id='word_1_28' title='bbox 1230 682 1251 702; x_wconf 77' lang='lat' dir='ltr'>di</span> <span class='ocrx_word' id='word_1_29' title='bbox 1269 682 1327 703; x_wconf 81' lang='lat' dir='ltr'>Gian</span> <span class='ocrx_word' id='word_1_30' title='bbox 1343 681 1455 703; x_wconf 78' lang='lat' dir='ltr'>Giacouto</span> <span class='ocrx_word' id='word_1_31' title='bbox 1471 681 1601 705; x_wconf 36' lang='lat' dir='ltr'>Canevari),</span> 
     </span>
    </p>
   </div>
   <div class='ocr_carea' id='block_1_6' title="bbox 284 859 2124 2421">
    <p class='ocr_par' dir='ltr' id='par_1_6' title="bbox 284 859 2124 2421">
     <span class='ocr_line' id='line_1_6' title="bbox 388 859 2104 973; baseline -0.005 -58"><span class='ocrx_word' id='word_1_32' title='bbox 388 859 435 973; x_wconf 89' lang='lat' dir='ltr'>I</span> <span class='ocrx_word' id='word_1_33' title='bbox 533 889 555 915; x_wconf 84' lang='grc' dir='ltr'>Ν</span> <span class='ocrx_word' id='word_1_34' title='bbox 582 882 786 923; x_wconf 87' lang='lat' dir='ltr'>Capitulo....</span> <span class='ocrx_word' id='word_1_35' title='bbox 813 881 1005 913; x_wconf 87' lang='lat' dir='ltr'>monasterii</span> <span class='ocrx_word' id='word_1_36' title='bbox 1033 881 1140 912; x_wconf 88' lang='lat' dir='ltr'>sancti</span> <span class='ocrx_word' id='word_1_37' title='bbox 1168 879 1359 921; x_wconf 78' lang='lat' dir='ltr'>Augustini,</span> <span class='ocrx_word' id='word_1_38' title='bbox 1388 878 1535 920; x_wconf 76' lang='lat' dir='ltr'>Papie....</span> <span class='ocrx_word' id='word_1_39' title='bbox 1562 878 1807 911; x_wconf 85' lang='lat' dir='ltr'>Convocato....</span> <span class='ocrx_word' id='word_1_40' title='bbox 1833 875 2036 917; x_wconf 89' lang='lat' dir='ltr'>Capitulo....</span> <span class='ocrx_word' id='word_1_41' title='bbox 2063 876 2104 907; x_wconf 89' lang='lat' dir='ltr'>de</span> 
     </span>
     <span class='ocr_line' id='line_1_7' title="bbox 555 939 2109 982; baseline -0.005 -6"><span class='ocrx_word' id='word_1_42' title='bbox 555 946 757 977; x_wconf 72' lang='lat' dir='ltr'>mandato...</span> <span class='ocrx_word' id='word_1_43' title='bbox 784 944 958 975; x_wconf 79' lang='lat' dir='ltr'>reverendi</span> <span class='ocrx_word' id='word_1_44' title='bbox 985 943 1112 974; x_wconf 84' lang='lat' dir='ltr'>domini</span> <span class='ocrx_word' id='word_1_45' title='bbox 1141 942 1308 974; x_wconf 69' lang='lat' dir='ltr'>prioris...</span> <span class='ocrx_word' id='word_1_46' title='bbox 1337 943 1367 973; x_wconf 92' lang='lat' dir='ltr'>in</span> <span class='ocrx_word' id='word_1_47' title='bbox 1394 951 1461 982; x_wconf 83' lang='lat' dir='ltr'>quo</span> <span class='ocrx_word' id='word_1_48' title='bbox 1498 941 1635 982; x_wconf 75' lang='lat' dir='ltr'>quiden]</span> <span class='ocrx_word' id='word_1_49' title='bbox 1673 939 1833 981; x_wconf 85' lang='lat' dir='ltr'>Capitulo</span> <span class='ocrx_word' id='word_1_50' title='bbox 1858 939 2034 971; x_wconf 60' lang='lat' dir='ltr'>fuerunt...</span> <span class='ocrx_word' id='word_1_51' title='bbox 2060 947 2109 970; x_wconf 89' lang='lat' dir='ltr'>re-</span> 
     </span>
     <span class='ocr_line' id='line_1_8' title="bbox 443 1002 2107 1047; baseline -0.004 -7"><span class='ocrx_word' id='word_1_52' title='bbox 443 1044 469 1047; x_wconf 35' lang='lat'><em>(</em></span> <span class='ocrx_word' id='word_1_53' title='bbox 556 1008 724 1040; x_wconf 85' lang='lat' dir='ltr'>verendus</span> <span class='ocrx_word' id='word_1_54' title='bbox 751 1010 843 1047; x_wconf 84' lang='lat' dir='ltr'>pater</span> <span class='ocrx_word' id='word_1_55' title='bbox 878 1005 1103 1037; x_wconf 71' lang='lat' dir='ltr'>provincialis</span> <span class='ocrx_word' id='word_1_56' title='bbox 1139 1006 1298 1036; x_wconf 85' lang='grc'>(10111111115</span> <span class='ocrx_word' id='word_1_57' title='bbox 1335 1005 1493 1045; x_wconf 80' lang='lat' dir='ltr'>magister</span> <span class='ocrx_word' id='word_1_58' title='bbox 1534 1004 1766 1036; x_wconf 85' lang='lat' dir='ltr'>Bertolameus</span> <span class='ocrx_word' id='word_1_59' title='bbox 1791 1003 1832 1034; x_wconf 86' lang='lat' dir='ltr'>de</span> <span class='ocrx_word' id='word_1_60' title='bbox 1859 1002 2051 1034; x_wconf 84' lang='lat' dir='ltr'>Valmacha.</span> <span class='ocrx_word' id='word_1_61' title='bbox 2077 1003 2107 1033; x_wconf 87' lang='lat' dir='ltr'>et</span> 
     </span>
     <span class='ocr_line' id='line_1_9' title="bbox 285 1064 2111 1109; baseline -0.004 -6"><span class='ocrx_word' id='word_1_62' title='bbox 285 1081 359 1103; x_wconf 82' lang='grc'>611111</span> <span class='ocrx_word' id='word_1_63' title='bbox 387 1081 470 1102; x_wconf 65' lang='lat' dir='ltr'>eo...</span> <span class='ocrx_word' id='word_1_64' title='bbox 498 1071 705 1102; x_wconf 81' lang='lat' dir='ltr'>reverendus</span> <span class='ocrx_word' id='word_1_65' title='bbox 732 1069 891 1100; x_wconf 80' lang='lat' dir='ltr'>dontinus</span> <span class='ocrx_word' id='word_1_66' title='bbox 918 1069 1077 1109; x_wconf 76' lang='lat' dir='ltr'>magister</span> <span class='ocrx_word' id='word_1_67' title='bbox 1104 1067 1313 1099; x_wconf 75' lang='lat' dir='ltr'>{heronimus</span> <span class='ocrx_word' id='word_1_68' title='bbox 1340 1067 1380 1098; x_wconf 87' lang='lat' dir='ltr'>de</span> <span class='ocrx_word' id='word_1_69' title='bbox 1408 1067 1508 1098; x_wconf 76' lang='lat' dir='ltr'>Lenta</span> <span class='ocrx_word' id='word_1_70' title='bbox 1535 1075 1628 1098; x_wconf 89' lang='lat' dir='ltr'>sacre</span> <span class='ocrx_word' id='word_1_71' title='bbox 1656 1066 1825 1106; x_wconf 80' lang='lat' dir='ltr'>theologie</span> <span class='ocrx_word' id='word_1_72' title='bbox 1852 1065 2034 1106; x_wconf 80' lang='lat' dir='ltr'>professor,</span> <span class='ocrx_word' id='word_1_73' title='bbox 2062 1064 2111 1095; x_wconf 83' lang='lat' dir='ltr'>vi-</span> 
     </span>
     <span class='ocr_line' id='line_1_10' title="bbox 284 1125 2109 1170; baseline -0.004 -4"><span class='ocrx_word' id='word_1_74' title='bbox 284 1135 394 1166; x_wconf 79' lang='lat' dir='ltr'>carius</span> <span class='ocrx_word' id='word_1_75' title='bbox 421 1134 497 1165; x_wconf 84' lang='lat' dir='ltr'>dicti</span> <span class='ocrx_word' id='word_1_76' title='bbox 525 1132 734 1169; x_wconf 80' lang='lat' dir='ltr'>Conventus,</span> <span class='ocrx_word' id='word_1_77' title='bbox 761 1131 966 1163; x_wconf 87' lang='lat' dir='ltr'>reverendus</span> <span class='ocrx_word' id='word_1_78' title='bbox 992 1131 1150 1162; x_wconf 86' lang='grc'>(10111111115</span> <span class='ocrx_word' id='word_1_79' title='bbox 1177 1131 1335 1170; x_wconf 80' lang='lat' dir='ltr'>magister</span> <span class='ocrx_word' id='word_1_80' title='bbox 1372 1129 1537 1160; x_wconf 80' lang='lat' dir='ltr'>lohannes</span> <span class='ocrx_word' id='word_1_81' title='bbox 1571 1128 1802 1160; x_wconf 86' lang='lat' dir='ltr'>Bertolameus</span> <span class='ocrx_word' id='word_1_82' title='bbox 1828 1128 1868 1159; x_wconf 88' lang='lat' dir='ltr'>de</span> <span class='ocrx_word' id='word_1_83' title='bbox 1895 1125 2109 1164; x_wconf 87' lang='lat' dir='ltr'>Castellacio,</span> 
     </span>
     <span class='ocr_line' id='line_1_11' title="bbox 288 1189 2110 1235; baseline -0.004 -8"><span class='ocrx_word' id='word_1_84' title='bbox 288 1196 494 1228; x_wconf 81' lang='lat' dir='ltr'>reverendus</span> <span class='ocrx_word' id='word_1_85' title='bbox 520 1196 680 1226; x_wconf 80' lang='lat' dir='ltr'>dominus</span> <span class='ocrx_word' id='word_1_86' title='bbox 718 1194 880 1235; x_wconf 82' lang='lat' dir='ltr'>magister</span> <span class='ocrx_word' id='word_1_87' title='bbox 916 1192 1053 1225; x_wconf 82' lang='lat' dir='ltr'>Gabriel</span> <span class='ocrx_word' id='word_1_88' title='bbox 1081 1193 1122 1224; x_wconf 81' lang='lat' dir='ltr'>de</span> <span class='ocrx_word' id='word_1_89' title='bbox 1150 1192 1266 1233; x_wconf 79' lang='lat' dir='ltr'>Papia,</span> <span class='ocrx_word' id='word_1_90' title='bbox 1304 1192 1512 1223; x_wconf 84' lang='lat' dir='ltr'>reverendus</span> <span class='ocrx_word' id='word_1_91' title='bbox 1549 1191 1708 1222; x_wconf 84' lang='lat' dir='ltr'>dominus</span> <span class='ocrx_word' id='word_1_92' title='bbox 1741 1191 1900 1231; x_wconf 83' lang='lat' dir='ltr'>magister</span> <span class='ocrx_word' id='word_1_93' title='bbox 1926 1189 2044 1221; x_wconf 79' lang='lat' dir='ltr'>Petrus</span> <span class='ocrx_word' id='word_1_94' title='bbox 2069 1189 2110 1220; x_wconf 90' lang='grc'>(16</span> 
     </span>
     <span class='ocr_line' id='line_1_12' title="bbox 287 1251 2114 1296; baseline -0.004 -6"><span class='ocrx_word' id='word_1_95' title='bbox 287 1257 516 1295; x_wconf 83' lang='lat' dir='ltr'>Castronovo,</span> <span class='ocrx_word' id='word_1_96' title='bbox 555 1257 761 1289; x_wconf 75' lang='lat' dir='ltr'>reverendus</span> <span class='ocrx_word' id='word_1_97' title='bbox 799 1257 958 1287; x_wconf 82' lang='lat' dir='ltr'>dominus</span> <span class='ocrx_word' id='word_1_98' title='bbox 998 1256 1156 1296; x_wconf 81' lang='lat' dir='ltr'>magister</span> <span class='ocrx_word' id='word_1_99' title='bbox 1182 1254 1383 1286; x_wconf 78' lang='lat' dir='ltr'>Thinioteus</span> <span class='ocrx_word' id='word_1_100' title='bbox 1408 1254 1450 1285; x_wconf 84' lang='grc'>(16</span> <span class='ocrx_word' id='word_1_101' title='bbox 1478 1254 1590 1285; x_wconf 81' lang='lat' dir='ltr'>Laude</span> <span class='ocrx_word' id='word_1_102' title='bbox 1607 1251 1669 1293; x_wconf 87' lang='lat' dir='ltr'>(l),</span> <span class='ocrx_word' id='word_1_103' title='bbox 1696 1253 1900 1284; x_wconf 87' lang='lat' dir='ltr'>venerabilis</span> <span class='ocrx_word' id='word_1_104' title='bbox 1927 1252 2029 1283; x_wconf 92' lang='lat' dir='ltr'>lector</span> <span class='ocrx_word' id='word_1_105' title='bbox 2053 1251 2114 1283; x_wconf 92' lang='lat' dir='ltr'>do-</span> 
     </span>
     <span class='ocr_line' id='line_1_13' title="bbox 288 1314 2115 1354; baseline -0.004 -2"><span class='ocrx_word' id='word_1_106' title='bbox 288 1323 399 1352; x_wconf 74' lang='lat' dir='ltr'>minus</span> <span class='ocrx_word' id='word_1_107' title='bbox 425 1321 526 1352; x_wconf 77' lang='lat' dir='ltr'>trater</span> <span class='ocrx_word' id='word_1_108' title='bbox 553 1320 713 1351; x_wconf 78' lang='lat' dir='ltr'>Albertus</span> <span class='ocrx_word' id='word_1_109' title='bbox 739 1320 780 1350; x_wconf 89' lang='lat' dir='ltr'>de</span> <span class='ocrx_word' id='word_1_110' title='bbox 808 1318 1016 1354; x_wconf 80' lang='lat' dir='ltr'>Mediolano,</span> <span class='ocrx_word' id='word_1_111' title='bbox 1044 1317 1256 1349; x_wconf 88' lang='lat' dir='ltr'>venerabiles</span> <span class='ocrx_word' id='word_1_112' title='bbox 1283 1317 1409 1348; x_wconf 83' lang='lat' dir='ltr'>domini</span> <span class='ocrx_word' id='word_1_113' title='bbox 1436 1316 1536 1348; x_wconf 79' lang='lat' dir='ltr'>trater</span> <span class='ocrx_word' id='word_1_114' title='bbox 1563 1315 1690 1347; x_wconf 81' lang='lat' dir='ltr'>Paulus</span> <span class='ocrx_word' id='word_1_115' title='bbox 1715 1316 1756 1346; x_wconf 86' lang='lat' dir='ltr'>de</span> <span class='ocrx_word' id='word_1_116' title='bbox 1783 1314 1899 1351; x_wconf 75' lang='lat' dir='ltr'>Puteo,</span> <span class='ocrx_word' id='word_1_117' title='bbox 1932 1314 2032 1346; x_wconf 76' lang='lat' dir='ltr'>frater</span> <span class='ocrx_word' id='word_1_118' title='bbox 2057 1314 2115 1345; x_wconf 91' lang='lat' dir='ltr'>Ni-</span> 
     </span>
     <span class='ocr_line' id='line_1_14' title="bbox 287 1376 2114 1418; baseline -0.004 -3"><span class='ocrx_word' id='word_1_119' title='bbox 287 1385 404 1416; x_wconf 75' lang='lat' dir='ltr'>cotaus</span> <span class='ocrx_word' id='word_1_120' title='bbox 431 1384 471 1415; x_wconf 73' lang='lat' dir='ltr'>de</span> <span class='ocrx_word' id='word_1_121' title='bbox 499 1383 669 1418; x_wconf 78' lang='lat' dir='ltr'>Fazardis,</span> <span class='ocrx_word' id='word_1_122' title='bbox 696 1382 795 1413; x_wconf 83' lang='lat' dir='ltr'>frater</span> <span class='ocrx_word' id='word_1_123' title='bbox 822 1381 950 1413; x_wconf 79' lang='lat' dir='ltr'>Paulus</span> <span class='ocrx_word' id='word_1_124' title='bbox 976 1381 1016 1411; x_wconf 86' lang='lat' dir='ltr'>de</span> <span class='ocrx_word' id='word_1_125' title='bbox 1042 1380 1189 1418; x_wconf 84' lang='lat' dir='ltr'>ZaconO,</span> <span class='ocrx_word' id='word_1_126' title='bbox 1216 1380 1315 1411; x_wconf 82' lang='lat' dir='ltr'>frater</span> <span class='ocrx_word' id='word_1_127' title='bbox 1341 1378 1522 1412; x_wconf 86' lang='lat' dir='ltr'>Cornelius</span> <span class='ocrx_word' id='word_1_128' title='bbox 1548 1379 1588 1410; x_wconf 85' lang='lat' dir='ltr'>de</span> <span class='ocrx_word' id='word_1_129' title='bbox 1613 1376 1662 1417; x_wconf 84' lang='lat' dir='ltr'>(in</span> <span class='ocrx_word' id='word_1_130' title='bbox 1689 1376 1835 1417; x_wconf 76' lang='lat' dir='ltr'>bmnco).</span> <span class='ocrx_word' id='word_1_131' title='bbox 1861 1377 1961 1409; x_wconf 79' lang='lat' dir='ltr'>frater</span> <span class='ocrx_word' id='word_1_132' title='bbox 1987 1376 2114 1409; x_wconf 81' lang='lat' dir='ltr'>Paulus</span> 
     </span>
     <span class='ocr_line' id='line_1_15' title="bbox 290 1438 2115 1485; baseline -0.003 -8"><span class='ocrx_word' id='word_1_133' title='bbox 290 1448 330 1478; x_wconf 81' lang='lat' dir='ltr'>de</span> <span class='ocrx_word' id='word_1_134' title='bbox 356 1445 571 1481; x_wconf 72' lang='lat' dir='ltr'>Castellacio,</span> <span class='ocrx_word' id='word_1_135' title='bbox 598 1445 698 1476; x_wconf 78' lang='lat' dir='ltr'>trater</span> <span class='ocrx_word' id='word_1_136' title='bbox 725 1443 912 1485; x_wconf 76' lang='lat' dir='ltr'>Gregorius</span> <span class='ocrx_word' id='word_1_137' title='bbox 938 1444 978 1475; x_wconf 91' lang='lat' dir='ltr'>de</span> <span class='ocrx_word' id='word_1_138' title='bbox 1005 1441 1217 1480; x_wconf 77' lang='lat' dir='ltr'>Canevariis‚</span> <span class='ocrx_word' id='word_1_139' title='bbox 1243 1442 1343 1473; x_wconf 82' lang='lat' dir='ltr'>frater</span> <span class='ocrx_word' id='word_1_140' title='bbox 1369 1440 1492 1474; x_wconf 87' lang='lat' dir='ltr'>Sanius</span> <span class='ocrx_word' id='word_1_141' title='bbox 1510 1442 1551 1473; x_wconf 85' lang='grc'>(16</span> <span class='ocrx_word' id='word_1_142' title='bbox 1566 1440 1767 1481; x_wconf 87' lang='lat' dir='ltr'>Codignola.</span> <span class='ocrx_word' id='word_1_143' title='bbox 1794 1440 1894 1472; x_wconf 86' lang='lat' dir='ltr'>frater</span> <span class='ocrx_word' id='word_1_144' title='bbox 1912 1438 2115 1472; x_wconf 84' lang='lat' dir='ltr'>Guillelmus</span> 
     </span>
     <span class='ocr_line' id='line_1_16' title="bbox 290 1501 2115 1545; baseline -0.003 -6"><span class='ocrx_word' id='word_1_145' title='bbox 290 1510 330 1540; x_wconf 81' lang='grc'>(16</span> <span class='ocrx_word' id='word_1_146' title='bbox 357 1507 507 1545; x_wconf 76' lang='lat' dir='ltr'>Silvano,</span> <span class='ocrx_word' id='word_1_147' title='bbox 549 1507 650 1538; x_wconf 75' lang='lat' dir='ltr'>frater</span> <span class='ocrx_word' id='word_1_148' title='bbox 692 1506 884 1537; x_wconf 76' lang='lat' dir='ltr'>Bonifatius</span> <span class='ocrx_word' id='word_1_149' title='bbox 910 1506 950 1537; x_wconf 90' lang='lat' dir='ltr'>de</span> <span class='ocrx_word' id='word_1_150' title='bbox 978 1504 1094 1545; x_wconf 81' lang='lat' dir='ltr'>Papia.</span> <span class='ocrx_word' id='word_1_151' title='bbox 1136 1504 1237 1536; x_wconf 84' lang='lat' dir='ltr'>frater</span> <span class='ocrx_word' id='word_1_152' title='bbox 1278 1504 1444 1536; x_wconf 82' lang='lat' dir='ltr'>lohannes</span> <span class='ocrx_word' id='word_1_153' title='bbox 1486 1503 1654 1535; x_wconf 79' lang='lat' dir='ltr'>Antonius</span> <span class='ocrx_word' id='word_1_154' title='bbox 1691 1503 1732 1534; x_wconf 85' lang='lat' dir='ltr'>de</span> <span class='ocrx_word' id='word_1_155' title='bbox 1772 1501 1988 1540; x_wconf 87' lang='lat' dir='ltr'>CastellaciO,</span> <span class='ocrx_word' id='word_1_156' title='bbox 2015 1502 2115 1534; x_wconf 78' lang='lat' dir='ltr'>frater</span> 
     </span>
     <span class='ocr_line' id='line_1_17' title="bbox 292 1564 2114 1606; baseline -0.004 -4"><span class='ocrx_word' id='word_1_157' title='bbox 292 1571 457 1602; x_wconf 73' lang='lat' dir='ltr'>lohannes</span> <span class='ocrx_word' id='word_1_158' title='bbox 484 1570 652 1601; x_wconf 79' lang='lat' dir='ltr'>Antonius</span> <span class='ocrx_word' id='word_1_159' title='bbox 679 1570 719 1600; x_wconf 84' lang='grc'>(16</span> <span class='ocrx_word' id='word_1_160' title='bbox 746 1569 895 1606; x_wconf 77' lang='lat' dir='ltr'>Francia,</span> <span class='ocrx_word' id='word_1_161' title='bbox 922 1568 1022 1599; x_wconf 78' lang='lat' dir='ltr'>frater</span> <span class='ocrx_word' id='word_1_162' title='bbox 1048 1567 1252 1598; x_wconf 77' lang='lat' dir='ltr'>Benedictus</span> <span class='ocrx_word' id='word_1_163' title='bbox 1278 1567 1318 1598; x_wconf 88' lang='lat' dir='ltr'>de</span> <span class='ocrx_word' id='word_1_164' title='bbox 1345 1567 1517 1603; x_wconf 85' lang='lat' dir='ltr'>Vercellis,</span> <span class='ocrx_word' id='word_1_165' title='bbox 1543 1566 1643 1597; x_wconf 82' lang='lat' dir='ltr'>trater</span> <span class='ocrx_word' id='word_1_166' title='bbox 1680 1565 1822 1606; x_wconf 82' lang='lat' dir='ltr'>Egidius</span> <span class='ocrx_word' id='word_1_167' title='bbox 1849 1565 1889 1596; x_wconf 89' lang='grc'>(16</span> <span class='ocrx_word' id='word_1_168' title='bbox 1918 1564 2114 1601; x_wconf 81' lang='lat' dir='ltr'>Allamania,</span> 
     </span>
     <span class='ocr_line' id='line_1_18' title="bbox 292 1626 2116 1671; baseline -0.004 -6"><span class='ocrx_word' id='word_1_169' title='bbox 292 1634 390 1665; x_wconf 78' lang='lat' dir='ltr'>trater</span> <span class='ocrx_word' id='word_1_170' title='bbox 417 1633 544 1664; x_wconf 81' lang='lat' dir='ltr'>Paulus</span> <span class='ocrx_word' id='word_1_171' title='bbox 569 1633 610 1664; x_wconf 82' lang='grc'>(16</span> <span class='ocrx_word' id='word_1_172' title='bbox 635 1630 684 1671; x_wconf 80' lang='lat' dir='ltr'>(in</span> <span class='ocrx_word' id='word_1_173' title='bbox 710 1630 857 1671; x_wconf 73' lang='lat' dir='ltr'>blanco),</span> <span class='ocrx_word' id='word_1_174' title='bbox 883 1631 982 1662; x_wconf 82' lang='lat' dir='ltr'>frater</span> <span class='ocrx_word' id='word_1_175' title='bbox 1008 1629 1219 1662; x_wconf 85' lang='lat' dir='ltr'>Octavianus</span> <span class='ocrx_word' id='word_1_176' title='bbox 1244 1629 1286 1661; x_wconf 91' lang='lat' dir='ltr'>de</span> <span class='ocrx_word' id='word_1_177' title='bbox 1313 1628 1475 1663; x_wconf 76' lang='lat' dir='ltr'>Palestro,</span> <span class='ocrx_word' id='word_1_178' title='bbox 1502 1628 1601 1660; x_wconf 87' lang='lat' dir='ltr'>frater</span> <span class='ocrx_word' id='word_1_179' title='bbox 1628 1627 1754 1659; x_wconf 82' lang='lat' dir='ltr'>Paulus</span> <span class='ocrx_word' id='word_1_180' title='bbox 1780 1628 1821 1659; x_wconf 91' lang='lat' dir='ltr'>de</span> <span class='ocrx_word' id='word_1_181' title='bbox 1847 1627 1997 1668; x_wconf 84' lang='lat' dir='ltr'>Bugella,</span> <span class='ocrx_word' id='word_1_182' title='bbox 2016 1626 2116 1658; x_wconf 84' lang='lat' dir='ltr'>frater</span> 
     </span>
     <span class='ocr_line' id='line_1_19' title="bbox 293 1689 2117 1736; baseline -0.004 -9"><span class='ocrx_word' id='word_1_183' title='bbox 293 1696 424 1727; x_wconf 69' lang='lat' dir='ltr'>Lucitas</span> <span class='ocrx_word' id='word_1_184' title='bbox 451 1696 491 1726; x_wconf 85' lang='grc'>(16</span> <span class='ocrx_word' id='word_1_185' title='bbox 519 1695 750 1736; x_wconf 75' lang='lat' dir='ltr'>Rotnagnano,</span> <span class='ocrx_word' id='word_1_186' title='bbox 787 1693 888 1725; x_wconf 83' lang='lat' dir='ltr'>frater</span> <span class='ocrx_word' id='word_1_187' title='bbox 925 1692 1128 1725; x_wconf 83' lang='lat' dir='ltr'>Guillelnuis</span> <span class='ocrx_word' id='word_1_188' title='bbox 1155 1693 1195 1723; x_wconf 85' lang='lat' dir='ltr'>de</span> <span class='ocrx_word' id='word_1_189' title='bbox 1222 1691 1371 1729; x_wconf 83' lang='lat' dir='ltr'>Francia,</span> <span class='ocrx_word' id='word_1_190' title='bbox 1409 1691 1509 1722; x_wconf 82' lang='lat' dir='ltr'>frater</span> <span class='ocrx_word' id='word_1_191' title='bbox 1546 1691 1689 1722; x_wconf 81' lang='lat' dir='ltr'>lacobus</span> <span class='ocrx_word' id='word_1_192' title='bbox 1726 1691 1767 1722; x_wconf 88' lang='lat' dir='ltr'>de</span> <span class='ocrx_word' id='word_1_193' title='bbox 1805 1690 1980 1730; x_wconf 83' lang='lat' dir='ltr'>Hispania,</span> <span class='ocrx_word' id='word_1_194' title='bbox 2017 1689 2117 1720; x_wconf 81' lang='lat' dir='ltr'>frater</span> 
     </span>
     <span class='ocr_line' id='line_1_20' title="bbox 292 1751 2117 1795; baseline -0.004 -6"><span class='ocrx_word' id='word_1_195' title='bbox 292 1758 453 1789; x_wconf 76' lang='lat' dir='ltr'>Nicolaus</span> <span class='ocrx_word' id='word_1_196' title='bbox 480 1758 521 1789; x_wconf 86' lang='lat' dir='ltr'>de</span> <span class='ocrx_word' id='word_1_197' title='bbox 548 1757 741 1794; x_wconf 79' lang='lat' dir='ltr'>Belinzona,</span> <span class='ocrx_word' id='word_1_198' title='bbox 769 1756 868 1787; x_wconf 80' lang='lat' dir='ltr'>frater</span> <span class='ocrx_word' id='word_1_199' title='bbox 895 1756 1061 1786; x_wconf 82' lang='lat' dir='ltr'>lohannes</span> <span class='ocrx_word' id='word_1_200' title='bbox 1098 1754 1252 1795; x_wconf 83' lang='lat' dir='ltr'>Baptista</span> <span class='ocrx_word' id='word_1_201' title='bbox 1278 1754 1319 1785; x_wconf 88' lang='lat' dir='ltr'>de</span> <span class='ocrx_word' id='word_1_202' title='bbox 1347 1753 1517 1791; x_wconf 82' lang='lat' dir='ltr'>Fivizano,</span> <span class='ocrx_word' id='word_1_203' title='bbox 1555 1752 1654 1784; x_wconf 81' lang='lat' dir='ltr'>frater</span> <span class='ocrx_word' id='word_1_204' title='bbox 1691 1751 1899 1793; x_wconf 83' lang='lat' dir='ltr'>Seraphinus</span> <span class='ocrx_word' id='word_1_205' title='bbox 1933 1752 1974 1783; x_wconf 89' lang='lat' dir='ltr'>de</span> <span class='ocrx_word' id='word_1_206' title='bbox 2000 1753 2117 1783; x_wconf 88' lang='lat' dir='ltr'>sancto</span> 
     </span>
     <span class='ocr_line' id='line_1_21' title="bbox 293 1815 2116 1861; baseline -0.004 -9"><span class='ocrx_word' id='word_1_207' title='bbox 293 1821 435 1861; x_wconf 67' lang='lat' dir='ltr'>Angello</span> <span class='ocrx_word' id='word_1_208' title='bbox 473 1820 573 1852; x_wconf 83' lang='lat' dir='ltr'>frater</span> <span class='ocrx_word' id='word_1_209' title='bbox 600 1820 767 1851; x_wconf 73' lang='lat' dir='ltr'>10¹1a1mes</span> <span class='ocrx_word' id='word_1_210' title='bbox 794 1819 946 1859; x_wconf 81' lang='lat' dir='ltr'>Baptista</span> <span class='ocrx_word' id='word_1_211' title='bbox 973 1819 1013 1849; x_wconf 83' lang='grc'>(16</span> <span class='ocrx_word' id='word_1_212' title='bbox 1040 1817 1304 1858; x_wconf 79' lang='lat' dir='ltr'>Rornagnano....</span> <span class='ocrx_word' id='word_1_213' title='bbox 1332 1826 1396 1856; x_wconf 84' lang='lat' dir='ltr'>que</span> <span class='ocrx_word' id='word_1_214' title='bbox 1423 1816 1591 1847; x_wconf 74' lang='lat' dir='ltr'>faciunt...</span> <span class='ocrx_word' id='word_1_215' title='bbox 1619 1816 1695 1856; x_wconf 85' lang='lat' dir='ltr'>plus</span> <span class='ocrx_word' id='word_1_216' title='bbox 1721 1824 1807 1855; x_wconf 87' lang='lat' dir='ltr'>quas</span> <span class='ocrx_word' id='word_1_217' title='bbox 1832 1815 1918 1846; x_wconf 87' lang='lat' dir='ltr'>duas</span> <span class='ocrx_word' id='word_1_218' title='bbox 1937 1816 2050 1855; x_wconf 86' lang='lat' dir='ltr'>partes</span> <span class='ocrx_word' id='word_1_219' title='bbox 2075 1823 2116 1845; x_wconf 89' lang='lat' dir='ltr'>ex</span> 
     </span>
     <span class='ocr_line' id='line_1_22' title="bbox 293 1877 2119 1922; baseline -0.003 -8"><span class='ocrx_word' id='word_1_220' title='bbox 293 1884 400 1914; x_wconf 69' lang='lat' dir='ltr'>tribus</span> <span class='ocrx_word' id='word_1_221' title='bbox 426 1883 535 1914; x_wconf 82' lang='lat' dir='ltr'>tocius</span> <span class='ocrx_word' id='word_1_222' title='bbox 561 1883 639 1914; x_wconf 85' lang='lat' dir='ltr'>dicti</span> <span class='ocrx_word' id='word_1_223' title='bbox 667 1881 861 1922; x_wconf 65' lang='lat' dir='ltr'>Capituli...</span> <span class='ocrx_word' id='word_1_224' title='bbox 888 1881 984 1912; x_wconf 90' lang='lat' dir='ltr'>titulo</span> <span class='ocrx_word' id='word_1_225' title='bbox 1004 1880 1267 1920; x_wconf 85' lang='lat' dir='ltr'>permutacionis</span> <span class='ocrx_word' id='word_1_226' title='bbox 1286 1882 1317 1910; x_wconf 89' lang='lat' dir='ltr'>et</span> <span class='ocrx_word' id='word_1_227' title='bbox 1334 1879 1501 1910; x_wconf 65' lang='lat' dir='ltr'>cambii...</span> <span class='ocrx_word' id='word_1_228' title='bbox 1520 1879 1611 1916; x_wconf 84' lang='lat' dir='ltr'>dant,</span> <span class='ocrx_word' id='word_1_229' title='bbox 1637 1878 1840 1909; x_wconf 85' lang='lat' dir='ltr'>traddunt....</span> <span class='ocrx_word' id='word_1_230' title='bbox 1867 1877 2119 1909; x_wconf 86' lang='lat' dir='ltr'>venerabilibus</span> 
     </span>
     <span class='ocr_line' id='line_1_23' title="bbox 294 1939 2118 1985; baseline -0.004 -8"><span class='ocrx_word' id='word_1_231' title='bbox 294 1946 440 1977; x_wconf 80' lang='lat' dir='ltr'>dominis</span> <span class='ocrx_word' id='word_1_232' title='bbox 467 1946 617 1985; x_wconf 82' lang='lat' dir='ltr'>dompno</span> <span class='ocrx_word' id='word_1_233' title='bbox 644 1944 794 1976; x_wconf 85' lang='lat' dir='ltr'>Gabrieli</span> <span class='ocrx_word' id='word_1_234' title='bbox 822 1944 863 1975; x_wconf 86' lang='lat' dir='ltr'>de</span> <span class='ocrx_word' id='word_1_235' title='bbox 890 1943 1125 1974; x_wconf 78' lang='lat' dir='ltr'>Pontecorono</span> <span class='ocrx_word' id='word_1_236' title='bbox 1151 1944 1183 1973; x_wconf 91' lang='lat' dir='ltr'>et</span> <span class='ocrx_word' id='word_1_237' title='bbox 1208 1942 1358 1982; x_wconf 84' lang='lat' dir='ltr'>dompno</span> <span class='ocrx_word' id='word_1_238' title='bbox 1386 1940 1523 1973; x_wconf 80' lang='lat' dir='ltr'>Placido</span> <span class='ocrx_word' id='word_1_239' title='bbox 1549 1942 1590 1972; x_wconf 85' lang='lat' dir='ltr'>de</span> <span class='ocrx_word' id='word_1_240' title='bbox 1617 1940 1721 1981; x_wconf 81' lang='lat' dir='ltr'>Papia</span> <span class='ocrx_word' id='word_1_241' title='bbox 1749 1941 1901 1972; x_wconf 85' lang='lat' dir='ltr'>monacis</span> <span class='ocrx_word' id='word_1_242' title='bbox 1927 1939 2118 1971; x_wconf 86' lang='lat' dir='ltr'>monasterii</span> 
     </span>
     <span class='ocr_line' id='line_1_24' title="bbox 294 2002 2118 2048; baseline -0.003 -9"><span class='ocrx_word' id='word_1_243' title='bbox 294 2009 400 2040; x_wconf 83' lang='lat' dir='ltr'>sancti</span> <span class='ocrx_word' id='word_1_244' title='bbox 429 2007 576 2048; x_wconf 84' lang='lat' dir='ltr'>Spiritus</span> <span class='ocrx_word' id='word_1_245' title='bbox 601 2010 696 2038; x_wconf 85' lang='lat' dir='ltr'>extra</span> <span class='ocrx_word' id='word_1_246' title='bbox 722 2009 753 2038; x_wconf 87' lang='lat' dir='ltr'>et</span> <span class='ocrx_word' id='word_1_247' title='bbox 781 2015 886 2047; x_wconf 90' lang='lat' dir='ltr'>prope</span> <span class='ocrx_word' id='word_1_248' title='bbox 912 2007 1081 2037; x_wconf 85' lang='lat' dir='ltr'>civitatem</span> <span class='ocrx_word' id='word_1_249' title='bbox 1110 2004 1258 2045; x_wconf 81' lang='lat' dir='ltr'>Papie....</span> <span class='ocrx_word' id='word_1_250' title='bbox 1297 2004 1619 2045; x_wconf 75' lang='lat' dir='ltr'>procuratorilms....</span> <span class='ocrx_word' id='word_1_251' title='bbox 1657 2004 1736 2034; x_wconf 90' lang='lat' dir='ltr'>dicti</span> <span class='ocrx_word' id='word_1_252' title='bbox 1774 2012 1888 2034; x_wconf 88' lang='lat' dir='ltr'>eorum</span> <span class='ocrx_word' id='word_1_253' title='bbox 1925 2002 2118 2034; x_wconf 87' lang='lat' dir='ltr'>monasterii</span> 
     </span>
     <span class='ocr_line' id='line_1_25' title="bbox 292 2064 2120 2110; baseline -0.003 -9"><span class='ocrx_word' id='word_1_254' title='bbox 292 2070 502 2110; x_wconf 76' lang='lat' dir='ltr'>30perticl1e</span> <span class='ocrx_word' id='word_1_255' title='bbox 527 2070 562 2101; x_wconf 79' lang='lat' dir='ltr'>di</span> <span class='ocrx_word' id='word_1_256' title='bbox 586 2071 709 2100; x_wconf 81' lang='lat' dir='ltr'>terreno</span> <span class='ocrx_word' id='word_1_257' title='bbox 736 2069 767 2099; x_wconf 93' lang='lat' dir='ltr'>in</span> <span class='ocrx_word' id='word_1_258' title='bbox 794 2069 959 2099; x_wconf 86' lang='lat' dir='ltr'>territorio</span> <span class='ocrx_word' id='word_1_259' title='bbox 985 2066 1187 2100; x_wconf 77' lang='lat' dir='ltr'>Casinarunt</span> <span class='ocrx_word' id='word_1_260' title='bbox 1215 2067 1255 2098; x_wconf 90' lang='lat' dir='ltr'>de</span> <span class='ocrx_word' id='word_1_261' title='bbox 1281 2065 1411 2104; x_wconf 83' lang='lat' dir='ltr'>Sachis,</span> <span class='ocrx_word' id='word_1_262' title='bbox 1438 2065 1532 2097; x_wconf 80' lang='lat' dir='ltr'>Parci</span> <span class='ocrx_word' id='word_1_263' title='bbox 1559 2065 1646 2096; x_wconf 88' lang='lat' dir='ltr'>Novi</span> <span class='ocrx_word' id='word_1_264' title='bbox 1675 2064 1788 2106; x_wconf 81' lang='lat' dir='ltr'>Papie,</span> <span class='ocrx_word' id='word_1_265' title='bbox 1823 2073 1908 2105; x_wconf 87' lang='lat' dir='ltr'>quas</span> <span class='ocrx_word' id='word_1_266' title='bbox 1939 2065 2064 2096; x_wconf 88' lang='lat' dir='ltr'>habent</span> <span class='ocrx_word' id='word_1_267' title='bbox 2089 2066 2120 2096; x_wconf 87' lang='lat' dir='ltr'>et</span> 
     </span>
     <span class='ocr_line' id='line_1_26' title="bbox 295 2127 2119 2172; baseline -0.003 -9"><span class='ocrx_word' id='word_1_268' title='bbox 295 2136 405 2163; x_wconf 85' lang='lat' dir='ltr'>tenent</span> <span class='ocrx_word' id='word_1_269' title='bbox 433 2141 493 2172; x_wconf 90' lang='lat' dir='ltr'>pro</span> <span class='ocrx_word' id='word_1_270' title='bbox 519 2132 674 2163; x_wconf 87' lang='lat' dir='ltr'>indivixo</span> <span class='ocrx_word' id='word_1_271' title='bbox 700 2140 776 2162; x_wconf 84' lang='lat' dir='ltr'>cuin</span> <span class='ocrx_word' id='word_1_272' title='bbox 804 2130 1029 2171; x_wconf 86' lang='lat' dir='ltr'>infrascriptis</span> <span class='ocrx_word' id='word_1_273' title='bbox 1066 2129 1282 2161; x_wconf 85' lang='lat' dir='ltr'>monasteriis</span> <span class='ocrx_word' id='word_1_274' title='bbox 1320 2128 1435 2169; x_wconf 76' lang='lat' dir='ltr'>papie,</span> <span class='ocrx_word' id='word_1_275' title='bbox 1470 2128 1627 2160; x_wconf 84' lang='lat' dir='ltr'>videlicet</span> <span class='ocrx_word' id='word_1_276' title='bbox 1652 2128 1758 2159; x_wconf 87' lang='lat' dir='ltr'>sancti</span> <span class='ocrx_word' id='word_1_277' title='bbox 1800 2127 1930 2158; x_wconf 86' lang='lat' dir='ltr'>Thome</span> <span class='ocrx_word' id='word_1_278' title='bbox 1956 2129 1987 2158; x_wconf 89' lang='lat' dir='ltr'>et</span> <span class='ocrx_word' id='word_1_279' title='bbox 2012 2127 2119 2158; x_wconf 90' lang='lat' dir='ltr'>sancti</span> 
     </span>
     <span class='ocr_line' id='line_1_27' title="bbox 298 2188 2121 2234; baseline -0.003 -9"><span class='ocrx_word' id='word_1_280' title='bbox 298 2193 403 2229; x_wconf 73' lang='lat' dir='ltr'>Pauli,</span> <span class='ocrx_word' id='word_1_281' title='bbox 431 2203 490 2225; x_wconf 89' lang='lat' dir='ltr'>nec</span> <span class='ocrx_word' id='word_1_282' title='bbox 517 2203 582 2225; x_wconf 89' lang='lat' dir='ltr'>non</span> <span class='ocrx_word' id='word_1_283' title='bbox 609 2203 682 2225; x_wconf 87' lang='grc'>611111</span> <span class='ocrx_word' id='word_1_284' title='bbox 711 2194 786 2234; x_wconf 87' lang='lat' dir='ltr'>ipso</span> <span class='ocrx_word' id='word_1_285' title='bbox 813 2193 1018 2224; x_wconf 84' lang='lat' dir='ltr'>monasterio</span> <span class='ocrx_word' id='word_1_286' title='bbox 1044 2192 1151 2224; x_wconf 87' lang='lat' dir='ltr'>sancti</span> <span class='ocrx_word' id='word_1_287' title='bbox 1179 2190 1334 2232; x_wconf 82' lang='lat' dir='ltr'>Spiritus,</span> <span class='ocrx_word' id='word_1_288' title='bbox 1360 2193 1480 2222; x_wconf 81' lang='lat' dir='ltr'>mentre</span> <span class='ocrx_word' id='word_1_289' title='bbox 1505 2191 1742 2231; x_wconf 77' lang='lat' dir='ltr'>[procuratori</span> <span class='ocrx_word' id='word_1_290' title='bbox 1765 2190 1800 2221; x_wconf 77' lang='lat' dir='ltr'>di</span> <span class='ocrx_word' id='word_1_291' title='bbox 1823 2192 1938 2230; x_wconf 83' lang='lat' dir='ltr'>questo</span> <span class='ocrx_word' id='word_1_292' title='bbox 1955 2188 2121 2222; x_wconf 82' lang='lat' dir='ltr'>Convento</span> 
     </span>
     <span class='ocr_line' id='line_1_28' title="bbox 297 2251 2124 2295; baseline -0.003 -7"><span class='ocrx_word' id='word_1_293' title='bbox 297 2257 420 2288; x_wconf 73' lang='lat' dir='ltr'>cedono</span> <span class='ocrx_word' id='word_1_294' title='bbox 446 2257 481 2288; x_wconf 71' lang='lat' dir='ltr'>ci</span> <span class='ocrx_word' id='word_1_295' title='bbox 504 2256 653 2295; x_wconf 71' lang='lat' dir='ltr'>religi03i</span> <span class='ocrx_word' id='word_1_296' title='bbox 677 2256 711 2287; x_wconf 76' lang='lat' dir='ltr'>di</span> <span class='ocrx_word' id='word_1_297' title='bbox 736 2255 768 2288; x_wconf 90' lang='lat' dir='ltr'>S.</span> <span class='ocrx_word' id='word_1_298' title='bbox 795 2255 958 2295; x_wconf 76' lang='lat' dir='ltr'>Agostitzo</span> <span class='ocrx_word' id='word_1_299' title='bbox 983 2263 1025 2286; x_wconf 72' lang='lat' dir='ltr'>ult</span> <span class='ocrx_word' id='word_1_300' title='bbox 1051 2263 1148 2286; x_wconf 78' lang='lat' dir='ltr'>censo</span> <span class='ocrx_word' id='word_1_301' title='bbox 1185 2254 1345 2285; x_wconf 79' lang='lat' dir='ltr'>livellario</span> <span class='ocrx_word' id='word_1_302' title='bbox 1378 2255 1535 2294; x_wconf 78' lang='lat' dir='ltr'>perpetuo</span> <span class='ocrx_word' id='word_1_303' title='bbox 1561 2253 1595 2284; x_wconf 74' lang='lat' dir='ltr'>cli</span> <span class='ocrx_word' id='word_1_304' title='bbox 1622 2253 1661 2284; x_wconf 87' lang='grc'>14</span> <span class='ocrx_word' id='word_1_305' title='bbox 1678 2252 1794 2293; x_wconf 83' lang='lat' dir='ltr'>fiorini</span> <span class='ocrx_word' id='word_1_306' title='bbox 1824 2252 1991 2285; x_wconf 78' lang='lat' dir='ltr'>all&#39;atmo.</span> <span class='ocrx_word' id='word_1_307' title='bbox 2017 2251 2075 2283; x_wconf 81' lang='lat' dir='ltr'>clze</span> <span class='ocrx_word' id='word_1_308' title='bbox 2100 2251 2124 2283; x_wconf 81' lang='lat' dir='ltr'>il</span> 
     </span>
     <span class='ocr_line' id='line_1_29' title="bbox 297 2314 2122 2358; baseline -0.003 -8"><span class='ocrx_word' id='word_1_309' title='bbox 297 2320 406 2350; x_wconf 79' lang='lat' dir='ltr'>dottor</span> <span class='ocrx_word' id='word_1_310' title='bbox 428 2320 459 2350; x_wconf 82' lang='lat' dir='ltr'>in</span> <span class='ocrx_word' id='word_1_311' title='bbox 485 2319 576 2358; x_wconf 68' lang='lat' dir='ltr'>leggi</span> <span class='ocrx_word' id='word_1_312' title='bbox 602 2317 783 2358; x_wconf 84' lang='lat' dir='ltr'>Cristoforo</span> <span class='ocrx_word' id='word_1_313' title='bbox 812 2316 998 2358; x_wconf 76' lang='lat' dir='ltr'>Campeggi</span> <span class='ocrx_word' id='word_1_314' title='bbox 1017 2325 1111 2357; x_wconf 78' lang='lat' dir='ltr'>paga</span> <span class='ocrx_word' id='word_1_315' title='bbox 1137 2316 1172 2347; x_wconf 77' lang='lat' dir='ltr'>al</span> <span class='ocrx_word' id='word_1_316' title='bbox 1198 2315 1365 2349; x_wconf 76' lang='lat' dir='ltr'>Convento</span> <span class='ocrx_word' id='word_1_317' title='bbox 1390 2316 1425 2347; x_wconf 81' lang='grc' dir='ltr'>ιίί</span> <span class='ocrx_word' id='word_1_318' title='bbox 1448 2315 1481 2348; x_wconf 85' lang='lat' dir='ltr'>S.</span> <span class='ocrx_word' id='word_1_319' title='bbox 1509 2314 1629 2356; x_wconf 81' lang='lat' dir='ltr'>Spirito</span> <span class='ocrx_word' id='word_1_320' title='bbox 1650 2324 1712 2356; x_wconf 81' lang='lat' dir='ltr'>per</span> <span class='ocrx_word' id='word_1_321' title='bbox 1733 2315 1844 2346; x_wconf 77' lang='lat' dir='ltr'>alcuni</span> <span class='ocrx_word' id='word_1_322' title='bbox 1864 2314 1996 2355; x_wconf 80' lang='lat' dir='ltr'>pascoli</span> <span class='ocrx_word' id='word_1_323' title='bbox 2007 2322 2122 2354; x_wconf 83' lang='lat' dir='ltr'>presso</span> 
     </span>
     <span class='ocr_line' id='line_1_30' title="bbox 298 2378 748 2421; baseline -0.002 -9"><span class='ocrx_word' id='word_1_324' title='bbox 298 2382 321 2412; x_wconf 84' lang='lat' dir='ltr'>il</span> <span class='ocrx_word' id='word_1_325' title='bbox 338 2381 442 2421; x_wconf 80' lang='lat' dir='ltr'>simne</span> <span class='ocrx_word' id='word_1_326' title='bbox 471 2380 670 2413; x_wconf 80' lang='lat' dir='ltr'>Gravellone</span> <span class='ocrx_word' id='word_1_327' title='bbox 688 2378 748 2420; x_wconf 87' lang='lat'>(2).</span> 
     </span>
    </p>
   </div>
   <div class='ocr_carea' id='block_1_7' title="bbox 304 2532 2122 2739">
    <p class='ocr_par' dir='ltr' id='par_1_7' title="bbox 304 2532 2122 2739">
     <span class='ocr_line' id='line_1_31' title="bbox 372 2532 2121 2562; baseline -0.003 -4"><span class='ocrx_word' id='word_1_328' title='bbox 372 2539 389 2558; x_wconf 77' lang='grc'>11</span> <span class='ocrx_word' id='word_1_329' title='bbox 407 2538 439 2558; x_wconf 76' lang='lat' dir='ltr'>Da</span> <span class='ocrx_word' id='word_1_330' title='bbox 457 2543 485 2558; x_wconf 86' lang='lat' dir='ltr'>un</span> <span class='ocrx_word' id='word_1_331' title='bbox 501 2537 643 2558; x_wconf 82' lang='lat' dir='ltr'>documento</span> <span class='ocrx_word' id='word_1_332' title='bbox 659 2537 694 2558; x_wconf 83' lang='grc'>(161</span> <span class='ocrx_word' id='word_1_333' title='bbox 710 2538 722 2558; x_wconf 83' lang='grc'>2</span> <span class='ocrx_word' id='word_1_334' title='bbox 737 2539 821 2562; x_wconf 65' lang='lat' dir='ltr'>agosto</span> <span class='ocrx_word' id='word_1_335' title='bbox 840 2537 897 2561; x_wconf 81' lang='lat'>1508,</span> <span class='ocrx_word' id='word_1_336' title='bbox 914 2538 996 2561; x_wconf 69' lang='lat' dir='ltr'>rogato</span> <span class='ocrx_word' id='word_1_337' title='bbox 1012 2536 1040 2556; x_wconf 83' lang='grc'>(1.1</span> <span class='ocrx_word' id='word_1_338' title='bbox 1057 2535 1183 2561; x_wconf 71' lang='lat' dir='ltr'>GisuiAgo-</span> <span class='ocrx_word' id='word_1_339' title='bbox 1238 2534 1264 2555; x_wconf 82' lang='lat'>26</span> <span class='ocrx_word' id='word_1_340' title='bbox 1278 2535 1406 2556; x_wconf 75' lang='lat' dir='ltr'>settembre</span> <span class='ocrx_word' id='word_1_341' title='bbox 1423 2534 1481 2559; x_wconf 82' lang='lat'>1508,</span> <span class='ocrx_word' id='word_1_342' title='bbox 1497 2536 1580 2559; x_wconf 70' lang='lat' dir='ltr'>rogato</span> <span class='ocrx_word' id='word_1_343' title='bbox 1595 2533 1624 2554; x_wconf 81' lang='lat' dir='ltr'>da</span> <span class='ocrx_word' id='word_1_344' title='bbox 1641 2533 1789 2554; x_wconf 81' lang='lat' dir='ltr'>Bartolomeo</span> <span class='ocrx_word' id='word_1_345' title='bbox 1807 2533 1896 2558; x_wconf 79' lang='lat' dir='ltr'>Favari,</span> <span class='ocrx_word' id='word_1_346' title='bbox 1912 2538 1924 2553; x_wconf 88' lang='lat' dir='ltr'>e</span> <span class='ocrx_word' id='word_1_347' title='bbox 1939 2532 1968 2553; x_wconf 78' lang='lat' dir='ltr'>da</span> <span class='ocrx_word' id='word_1_348' title='bbox 1983 2532 2035 2553; x_wconf 77' lang='lat' dir='ltr'>altri</span> <span class='ocrx_word' id='word_1_349' title='bbox 2051 2532 2121 2553; x_wconf 89' lang='lat' dir='ltr'>docu-</span> 
     </span>
     <span class='ocr_line' id='line_1_32' title="bbox 304 2579 1323 2607; baseline -0.002 -5"><span class='ocrx_word' id='word_1_350' title='bbox 304 2583 366 2602; x_wconf 80' lang='lat' dir='ltr'>stiuo</span> <span class='ocrx_word' id='word_1_351' title='bbox 383 2581 693 2607; x_wconf 54' lang='grc' dir='ltr'>Δ1111111560,.ψρῑει1(111ε11110</span> <span class='ocrx_word' id='word_1_352' title='bbox 715 2582 756 2602; x_wconf 80' lang='grc'>6116</span> <span class='ocrx_word' id='word_1_353' title='bbox 779 2582 793 2602; x_wconf 86' lang='grc'>11</span> <span class='ocrx_word' id='word_1_354' title='bbox 816 2581 922 2602; x_wconf 80' lang='lat' dir='ltr'>Maestro</span> <span class='ocrx_word' id='word_1_355' title='bbox 944 2580 1004 2601; x_wconf 78' lang='lat' dir='ltr'>frate</span> <span class='ocrx_word' id='word_1_356' title='bbox 1028 2580 1136 2601; x_wconf 83' lang='lat' dir='ltr'>Tiinoteo</span> <span class='ocrx_word' id='word_1_357' title='bbox 1159 2580 1187 2600; x_wconf 84' lang='lat' dir='ltr'>da</span> <span class='ocrx_word' id='word_1_358' title='bbox 1245 2579 1323 2600; x_wconf 86' lang='lat' dir='ltr'>menti.</span> 
     </span>
     <span class='ocr_line' id='line_1_33' title="bbox 306 2621 2121 2651; baseline -0.002 -5"><span class='ocrx_word' id='word_1_359' title='bbox 306 2626 370 2648; x_wconf 67' lang='lat' dir='ltr'>Ludi.</span> <span class='ocrx_word' id='word_1_360' title='bbox 387 2626 423 2645; x_wconf 71' lang='lat' dir='ltr'>dal</span> <span class='ocrx_word' id='word_1_361' title='bbox 441 2626 607 2646; x_wconf 70' lang='lat' dir='ltr'>protonotario</span> <span class='ocrx_word' id='word_1_362' title='bbox 623 2625 755 2651; x_wconf 82' lang='lat' dir='ltr'>apostolico</span> <span class='ocrx_word' id='word_1_363' title='bbox 772 2625 862 2651; x_wconf 74' lang='lat' dir='ltr'>Filippo</span> <span class='ocrx_word' id='word_1_364' title='bbox 878 2624 1024 2651; x_wconf 78' lang='lat' dir='ltr'>Castiglioni,</span> <span class='ocrx_word' id='word_1_365' title='bbox 1049 2624 1187 2650; x_wconf 80' lang='lat' dir='ltr'>cappellano</span> <span class='ocrx_word' id='word_1_366' title='bbox 1295 2624 1326 2648; x_wconf 87' lang='lat'>(2)</span> <span class='ocrx_word' id='word_1_367' title='bbox 1342 2624 1373 2644; x_wconf 90' lang='lat' dir='ltr'>Lo</span> <span class='ocrx_word' id='word_1_368' title='bbox 1389 2625 1468 2644; x_wconf 77' lang='lat' dir='ltr'>stesso</span> <span class='ocrx_word' id='word_1_369' title='bbox 1483 2622 1601 2649; x_wconf 74' lang='lat' dir='ltr'>Capimlo,</span> <span class='ocrx_word' id='word_1_370' title='bbox 1617 2622 1639 2643; x_wconf 87' lang='lat' dir='ltr'>di</span> <span class='ocrx_word' id='word_1_371' title='bbox 1655 2622 1690 2643; x_wconf 90' lang='lat' dir='ltr'>cui</span> <span class='ocrx_word' id='word_1_372' title='bbox 1707 2622 1720 2642; x_wconf 93' lang='lat' dir='ltr'>il</span> <span class='ocrx_word' id='word_1_373' title='bbox 1737 2621 1880 2642; x_wconf 80' lang='lat' dir='ltr'>Provinciale</span> <span class='ocrx_word' id='word_1_374' title='bbox 1896 2621 1954 2642; x_wconf 71' lang='lat' dir='ltr'>irate</span> <span class='ocrx_word' id='word_1_375' title='bbox 1971 2621 2121 2643; x_wconf 84' lang='lat' dir='ltr'>Bartolomco</span> 
     </span>
     <span class='ocr_line' id='line_1_34' title="bbox 305 2665 2121 2695; baseline -0.002 -5"><span class='ocrx_word' id='word_1_376' title='bbox 305 2670 363 2689; x_wconf 71' lang='lat' dir='ltr'>della</span> <span class='ocrx_word' id='word_1_377' title='bbox 380 2670 491 2695; x_wconf 73' lang='lat' dir='ltr'>Cnppella</span> <span class='ocrx_word' id='word_1_378' title='bbox 508 2669 529 2689; x_wconf 87' lang='grc'>(11</span> <span class='ocrx_word' id='word_1_379' title='bbox 545 2669 568 2690; x_wconf 51' lang='grc' dir='ltr'>5Α</span> <span class='ocrx_word' id='word_1_380' title='bbox 585 2669 695 2690; x_wconf 72' lang='lat' dir='ltr'>Teodoro</span> <span class='ocrx_word' id='word_1_381' title='bbox 713 2670 772 2690; x_wconf 81' lang='lat' dir='ltr'>nella</span> <span class='ocrx_word' id='word_1_382' title='bbox 788 2669 865 2690; x_wconf 76' lang='lat' dir='ltr'>chiesa</span> <span class='ocrx_word' id='word_1_383' title='bbox 884 2669 1000 2689; x_wconf 80' lang='lat' dir='ltr'>omonima</span> <span class='ocrx_word' id='word_1_384' title='bbox 1017 2669 1038 2689; x_wconf 85' lang='lat' dir='ltr'>di</span> <span class='ocrx_word' id='word_1_385' title='bbox 1056 2668 1140 2693; x_wconf 80' lang='lat' dir='ltr'>Pavia,</span> <span class='ocrx_word' id='word_1_386' title='bbox 1164 2668 1185 2688; x_wconf 81' lang='lat' dir='ltr'>di</span> <span class='ocrx_word' id='word_1_387' title='bbox 1242 2669 1364 2689; x_wconf 74' lang='lat' dir='ltr'>valniacca</span> <span class='ocrx_word' id='word_1_388' title='bbox 1381 2668 1454 2694; x_wconf 74' lang='lat' dir='ltr'>figura</span> <span class='ocrx_word' id='word_1_389' title='bbox 1470 2668 1549 2688; x_wconf 82' lang='lat' dir='ltr'>invcce</span> <span class='ocrx_word' id='word_1_390' title='bbox 1565 2672 1630 2688; x_wconf 81' lang='lat' dir='ltr'>coine</span> <span class='ocrx_word' id='word_1_391' title='bbox 1653 2666 1740 2691; x_wconf 74' lang='lat' dir='ltr'>Priore,</span> <span class='ocrx_word' id='word_1_392' title='bbox 1756 2666 1776 2687; x_wconf 79' lang='lat' dir='ltr'>ai</span> <span class='ocrx_word' id='word_1_393' title='bbox 1795 2667 1818 2686; x_wconf 91' lang='grc'>17</span> <span class='ocrx_word' id='word_1_394' title='bbox 1833 2666 1854 2686; x_wconf 86' lang='lat' dir='ltr'>di</span> <span class='ocrx_word' id='word_1_395' title='bbox 1871 2666 1942 2691; x_wconf 82' lang='lat' dir='ltr'>luglio</span> <span class='ocrx_word' id='word_1_396' title='bbox 1961 2667 2041 2692; x_wconf 78' lang='lat' dir='ltr'>elegge</span> <span class='ocrx_word' id='word_1_397' title='bbox 2062 2665 2121 2688; x_wconf 80' lang='lat' dir='ltr'>frate</span> 
     </span>
     <span class='ocr_line' id='line_1_35' title="bbox 306 2710 2122 2739; baseline -0.002 -5"><span class='ocrx_word' id='word_1_398' title='bbox 306 2714 484 2739; x_wconf 60' lang='lat' dir='ltr'>ginspatronato</span> <span class='ocrx_word' id='word_1_399' title='bbox 496 2713 532 2733; x_wconf 80' lang='lat' dir='ltr'>del</span> <span class='ocrx_word' id='word_1_400' title='bbox 541 2713 615 2734; x_wconf 84' lang='lat' dir='ltr'>Conte</span> <span class='ocrx_word' id='word_1_401' title='bbox 626 2713 781 2734; x_wconf 72' lang='lat' dir='ltr'>Scaratuuzza</span> <span class='ocrx_word' id='word_1_402' title='bbox 793 2713 905 2737; x_wconf 80' lang='lat' dir='ltr'>visconti,</span> <span class='ocrx_word' id='word_1_403' title='bbox 918 2713 940 2734; x_wconf 83' lang='lat' dir='ltr'>tu</span> <span class='ocrx_word' id='word_1_404' title='bbox 952 2713 1024 2734; x_wconf 82' lang='lat' dir='ltr'>cletto</span> <span class='ocrx_word' id='word_1_405' title='bbox 1036 2715 1188 2739; x_wconf 80' lang='lat' dir='ltr'>procuratore</span> <span class='ocrx_word' id='word_1_406' title='bbox 1243 2712 1356 2738; x_wconf 84' lang='lat' dir='ltr'>Gregorio</span> <span class='ocrx_word' id='word_1_407' title='bbox 1372 2712 1485 2733; x_wconf 83' lang='lat' dir='ltr'>Canevari</span> <span class='ocrx_word' id='word_1_408' title='bbox 1501 2711 1523 2732; x_wconf 90' lang='lat' dir='ltr'>di</span> <span class='ocrx_word' id='word_1_409' title='bbox 1540 2711 1610 2732; x_wconf 75' lang='lat' dir='ltr'>Pavia</span> <span class='ocrx_word' id='word_1_410' title='bbox 1627 2710 1781 2731; x_wconf 71' lang='lat' dir='ltr'>Procurator-e</span> <span class='ocrx_word' id='word_1_411' title='bbox 1797 2716 1837 2736; x_wconf 79' lang='lat' dir='ltr'>per</span> <span class='ocrx_word' id='word_1_412' title='bbox 1852 2710 1941 2735; x_wconf 83' lang='lat' dir='ltr'>esigcrc</span> <span class='ocrx_word' id='word_1_413' title='bbox 1957 2710 1962 2730; x_wconf 86' lang='lat' dir='ltr'>i</span> <span class='ocrx_word' id='word_1_414' title='bbox 1985 2710 2066 2731; x_wconf 85' lang='lat' dir='ltr'>crediti</span> <span class='ocrx_word' id='word_1_415' title='bbox 2081 2716 2122 2736; x_wconf 84' lang='lat' dir='ltr'>per</span> 
     </span>
    </p>
   </div>
   <div class='ocr_carea' id='block_1_8' title="bbox 307 2754 2123 2784">
    <p class='ocr_par' dir='ltr' id='par_1_8' title="bbox 307 2754 2123 2784">
     <span class='ocr_line' id='line_1_36' title="bbox 307 2754 2123 2784; baseline -0.001 -7"><span class='ocrx_word' id='word_1_416' title='bbox 307 2764 346 2783; x_wconf 83' lang='lat' dir='ltr'>per</span> <span class='ocrx_word' id='word_1_417' title='bbox 362 2758 496 2783; x_wconf 65' lang='lat' dir='ltr'>aggiustare</span> <span class='ocrx_word' id='word_1_418' title='bbox 512 2758 748 2778; x_wconf 73' lang='lat' dir='ltr'>l&#39;ainiuinistraziouc</span> <span class='ocrx_word' id='word_1_419' title='bbox 765 2758 823 2778; x_wconf 77' lang='lat' dir='ltr'>della</span> <span class='ocrx_word' id='word_1_420' title='bbox 841 2757 974 2778; x_wconf 78' lang='lat' dir='ltr'>ruedesiiua.</span> <span class='ocrx_word' id='word_1_421' title='bbox 992 2757 1058 2778; x_wconf 78' lang='lat' dir='ltr'>Frate</span> <span class='ocrx_word' id='word_1_422' title='bbox 1081 2757 1189 2778; x_wconf 81' lang='lat' dir='ltr'>Tituoteo</span> <span class='ocrx_word' id='word_1_423' title='bbox 1245 2757 1350 2778; x_wconf 70' lang='lat' dir='ltr'>l&#39;eredita</span> <span class='ocrx_word' id='word_1_424' title='bbox 1366 2757 1402 2777; x_wconf 85' lang='lat' dir='ltr'>del</span> <span class='ocrx_word' id='word_1_425' title='bbox 1418 2756 1514 2777; x_wconf 66' lang='lat' dir='ltr'>defunto</span> <span class='ocrx_word' id='word_1_426' title='bbox 1526 2755 1585 2784; x_wconf 73' lang='lat' dir='ltr'>irate</span> <span class='ocrx_word' id='word_1_427' title='bbox 1597 2755 1739 2776; x_wconf 80' lang='lat' dir='ltr'>Bernardino</span> <span class='ocrx_word' id='word_1_428' title='bbox 1751 2755 1779 2775; x_wconf 78' lang='lat' dir='ltr'>da</span> <span class='ocrx_word' id='word_1_429' title='bbox 1792 2754 1861 2775; x_wconf 79' lang='lat' dir='ltr'>Pavia</span> <span class='ocrx_word' id='word_1_430' title='bbox 1873 2755 1909 2775; x_wconf 82' lang='lat' dir='ltr'>del</span> <span class='ocrx_word' id='word_1_431' title='bbox 1922 2755 2048 2776; x_wconf 82' lang='lat' dir='ltr'>medesimo</span> <span class='ocrx_word' id='word_1_432' title='bbox 2063 2754 2123 2776; x_wconf 89' lang='lat' dir='ltr'>Con-</span> 
     </span>
    </p>
   </div>
   <div class='ocr_carea' id='block_1_9' title="bbox 307 2799 1986 2827">
    <p class='ocr_par' dir='ltr' id='par_1_9' title="bbox 307 2799 1986 2827">
     <span class='ocr_line' id='line_1_37' title="bbox 307 2799 1986 2827; baseline -0.002 -5"><span class='ocrx_word' id='word_1_433' title='bbox 307 2807 344 2822; x_wconf 76' lang='lat' dir='ltr'>crn</span> <span class='ocrx_word' id='word_1_434' title='bbox 361 2802 420 2822; x_wconf 70' lang='lat' dir='ltr'>dell-1</span> <span class='ocrx_word' id='word_1_435' title='bbox 436 2802 537 2827; x_wconf 72' lang='lat' dir='ltr'>tauiiglia</span> <span class='ocrx_word' id='word_1_436' title='bbox 554 2801 655 2826; x_wconf 78' lang='lat' dir='ltr'>Crivclli,</span> <span class='ocrx_word' id='word_1_437' title='bbox 678 2807 743 2822; x_wconf 86' lang='grc'>601116</span> <span class='ocrx_word' id='word_1_438' title='bbox 759 2802 777 2822; x_wconf 88' lang='lat' dir='ltr'>si</span> <span class='ocrx_word' id='word_1_439' title='bbox 794 2802 870 2823; x_wconf 82' lang='lat' dir='ltr'>ricava</span> <span class='ocrx_word' id='word_1_440' title='bbox 887 2802 915 2822; x_wconf 78' lang='lat' dir='ltr'>dn</span> <span class='ocrx_word' id='word_1_441' title='bbox 931 2808 961 2822; x_wconf 85' lang='lat' dir='ltr'>un</span> <span class='ocrx_word' id='word_1_442' title='bbox 986 2802 1127 2823; x_wconf 80' lang='lat' dir='ltr'>documento</span> <span class='ocrx_word' id='word_1_443' title='bbox 1150 2801 1185 2822; x_wconf 80' lang='grc'>(161</span> <span class='ocrx_word' id='word_1_444' title='bbox 1242 2803 1319 2822; x_wconf 80' lang='lat' dir='ltr'>vento.</span> <span class='ocrx_word' id='word_1_445' title='bbox 1337 2800 1479 2825; x_wconf 76' lang='lat' dir='ltr'>Qucst&#39;alto</span> <span class='ocrx_word' id='word_1_446' title='bbox 1494 2800 1506 2821; x_wconf 83' lang='lat' dir='ltr'>&#39;e</span> <span class='ocrx_word' id='word_1_447' title='bbox 1522 2801 1604 2825; x_wconf 76' lang='lat' dir='ltr'>rogato</span> <span class='ocrx_word' id='word_1_448' title='bbox 1620 2799 1649 2820; x_wconf 79' lang='lat' dir='ltr'>da</span> <span class='ocrx_word' id='word_1_449' title='bbox 1665 2799 1722 2820; x_wconf 78' lang='lat' dir='ltr'>Gian</span> <span class='ocrx_word' id='word_1_450' title='bbox 1738 2799 1852 2825; x_wconf 72' lang='lat' dir='ltr'>Agostino</span> <span class='ocrx_word' id='word_1_451' title='bbox 1868 2799 1986 2820; x_wconf 82' lang='lat' dir='ltr'>Morasco.</span> 
     </span>
    </p>
   </div>
  </div>
 </body>
</html>
