<?xml version="1.0" encoding="UTF-8"?>
<!DOCTYPE html PUBLIC "-//W3C//DTD XHTML 1.0 Transitional//EN"
    "http://www.w3.org/TR/xhtml1/DTD/xhtml1-transitional.dtd">
<html xmlns="http://www.w3.org/1999/xhtml" xml:lang="en" lang="en">
 <head>
  <title>
</title>
<meta http-equiv="Content-Type" content="text/html;charset=utf-8" />
  <meta name='ocr-system' content='tesseract 3.04.00' />
  <meta name='ocr-capabilities' content='ocr_page ocr_carea ocr_par ocr_line ocrx_word'/>
</head>
<body>
  <div class='ocr_page' id='page_1' title='image "./codexdiplomaticu03maiouoft_0367.png"; bbox 0 0 2305 3407; ppageno 0'>
   <div class='ocr_carea' id='block_1_1' title="bbox 1922 190 1986 222">
    <p class='ocr_par' dir='ltr' id='par_1_1' title="bbox 1922 190 1986 222">
     <span class='ocr_line' id='line_1_1' title="bbox 1922 190 1986 222; baseline 0 0"><span class='ocrx_word' id='word_1_1' title='bbox 1922 190 1986 222; x_wconf 87' lang='lat'>283</span> 
     </span>
    </p>
   </div>
   <div class='ocr_carea' id='block_1_2' title="bbox 880 374 1281 414">
    <p class='ocr_par' dir='ltr' id='par_1_2' title="bbox 880 374 1281 414">
     <span class='ocr_line' id='line_1_2' title="bbox 880 374 1281 414; baseline -0.005 0"><span class='ocrx_word' id='word_1_2' title='bbox 880 374 1281 414; x_wconf 85' lang='lat' dir='ltr'>CMLXXVIII.</span> 
     </span>
    </p>
   </div>
   <div class='ocr_carea' id='block_1_3' title="bbox 459 482 1680 518">
    <p class='ocr_par' dir='ltr' id='par_1_3' title="bbox 459 482 1680 518">
     <span class='ocr_line' id='line_1_3' title="bbox 459 482 1680 518; baseline -0.002 -6"><span class='ocrx_word' id='word_1_3' title='bbox 459 484 597 512; x_wconf 86' lang='lat' dir='ltr'>Laurea</span> <span class='ocrx_word' id='word_1_4' title='bbox 623 484 657 511; x_wconf 88' lang='lat' dir='ltr'>in</span> <span class='ocrx_word' id='word_1_5' title='bbox 681 483 832 518; x_wconf 84' lang='lat' dir='ltr'>teologia</span> <span class='ocrx_word' id='word_1_6' title='bbox 857 483 891 511; x_wconf 90' lang='lat' dir='ltr'>di</span> <span class='ocrx_word' id='word_1_7' title='bbox 917 483 1006 511; x_wconf 83' lang='lat' dir='ltr'>frate</span> <span class='ocrx_word' id='word_1_8' title='bbox 1032 482 1163 511; x_wconf 84' lang='lat' dir='ltr'>Orazio</span> <span class='ocrx_word' id='word_1_9' title='bbox 1189 482 1415 511; x_wconf 84' lang='lat' dir='ltr'>Simiteculus</span> <span class='ocrx_word' id='word_1_10' title='bbox 1441 483 1485 510; x_wconf 86' lang='lat' dir='ltr'>da</span> <span class='ocrx_word' id='word_1_11' title='bbox 1512 483 1680 511; x_wconf 83' lang='lat' dir='ltr'>Venezia.</span> 
     </span>
    </p>
   </div>
   <div class='ocr_carea' id='block_1_4' title="bbox 822 604 1345 635">
    <p class='ocr_par' dir='ltr' id='par_1_4' title="bbox 822 604 1345 635">
     <span class='ocr_line' id='line_1_4' title="bbox 822 604 1345 635; baseline 0.002 -6"><span class='ocrx_word' id='word_1_12' title='bbox 822 604 976 635; x_wconf 71' lang='lat'>1560,</span> <span class='ocrx_word' id='word_1_13' title='bbox 997 605 1133 629; x_wconf 81' lang='lat' dir='ltr'>ottol</span> <span class='ocrx_word' id='word_1_14' title='bbox 1141 611 1235 635; x_wconf 75' lang='lat' dir='ltr'>›re-9</span> <span class='ocrx_word' id='word_1_15' title='bbox 1255 604 1325 628; x_wconf 67' lang='lat'>24</span> <span class='ocrx_word' id='word_1_16' title='bbox 1332 619 1345 630; x_wconf 80' lang='lat'><strong>.</strong></span> 
     </span>
    </p>
   </div>
   <div class='ocr_carea' id='block_1_5' title="bbox 721 717 1454 743">
    <p class='ocr_par' dir='ltr' id='par_1_5' title="bbox 721 717 1454 743">
     <span class='ocr_line' id='line_1_5' title="bbox 721 717 1454 743; baseline -0.001 -4"><span class='ocrx_word' id='word_1_17' title='bbox 721 719 788 739; x_wconf 77' lang='lat' dir='ltr'>Aren.</span> <span class='ocrx_word' id='word_1_18' title='bbox 806 719 886 739; x_wconf 81' lang='lat' dir='ltr'>Notar.</span> <span class='ocrx_word' id='word_1_19' title='bbox 903 719 925 738; x_wconf 84' lang='lat' dir='ltr'>di</span> <span class='ocrx_word' id='word_1_20' title='bbox 943 718 1012 739; x_wconf 68' lang='lat' dir='ltr'>pavia</span> <span class='ocrx_word' id='word_1_21' title='bbox 1028 730 1052 731; x_wconf 33' lang='lat' dir='ltr'><em>j</em></span> <span class='ocrx_word' id='word_1_22' title='bbox 1069 718 1116 739; x_wconf 79' lang='lat' dir='ltr'>Atii</span> <span class='ocrx_word' id='word_1_23' title='bbox 1133 719 1154 738; x_wconf 86' lang='lat' dir='ltr'>di</span> <span class='ocrx_word' id='word_1_24' title='bbox 1171 718 1228 739; x_wconf 67' lang='grc' dir='ltr'>(Εἰ-ιιι</span> <span class='ocrx_word' id='word_1_25' title='bbox 1245 718 1346 739; x_wconf 77' lang='lat' dir='ltr'>Antonin</span> <span class='ocrx_word' id='word_1_26' title='bbox 1361 717 1454 743; x_wconf 65' lang='lat' dir='ltr'>Segna),</span> 
     </span>
    </p>
   </div>
   <div class='ocr_carea' id='block_1_6' title="bbox 160 832 1990 3103">
    <p class='ocr_par' dir='ltr' id='par_1_6' title="bbox 184 832 409 859">
     <span class='ocr_line' id='line_1_6' title="bbox 184 832 409 859; baseline 0 -4"><span class='ocrx_word' id='word_1_27' title='bbox 184 853 186 859; x_wconf 81' lang='grc'>,</span> <span class='ocrx_word' id='word_1_28' title='bbox 408 832 409 855; x_wconf 83' lang='lat' dir='ltr'>l</span> 
     </span>
    </p>

    <p class='ocr_par' dir='ltr' id='par_1_7' title="bbox 160 888 1990 2853">
     <span class='ocr_line' id='line_1_7' title="bbox 184 888 1985 938; baseline -0.002 -15"><span class='ocrx_word' id='word_1_29' title='bbox 184 891 185 938; x_wconf 74' lang='lat' dir='ltr'>l</span> <span class='ocrx_word' id='word_1_30' title='bbox 415 895 579 922; x_wconf 79' lang='lat' dir='ltr'>NTONIUS</span> <span class='ocrx_word' id='word_1_31' title='bbox 605 889 775 923; x_wconf 74' lang='lat' dir='ltr'>Scariiirus</span> <span class='ocrx_word' id='word_1_32' title='bbox 802 889 821 921; x_wconf 95' lang='lat' dir='ltr'>l.</span> <span class='ocrx_word' id='word_1_33' title='bbox 849 890 887 922; x_wconf 91' lang='lat' dir='ltr'>U.</span> <span class='ocrx_word' id='word_1_34' title='bbox 914 890 1042 927; x_wconf 84' lang='lat' dir='ltr'>doctor,</span> <span class='ocrx_word' id='word_1_35' title='bbox 1068 889 1342 921; x_wconf 77' lang='lat' dir='ltr'>reverendissimi</span> <span class='ocrx_word' id='word_1_36' title='bbox 1370 890 1400 920; x_wconf 96' lang='lat' dir='ltr'>in</span> <span class='ocrx_word' id='word_1_37' title='bbox 1428 888 1563 921; x_wconf 90' lang='lat' dir='ltr'>Christo</span> <span class='ocrx_word' id='word_1_38' title='bbox 1591 890 1694 929; x_wconf 85' lang='lat' dir='ltr'>patris</span> <span class='ocrx_word' id='word_1_39' title='bbox 1719 892 1749 920; x_wconf 82' lang='lat' dir='ltr'>ct</span> <span class='ocrx_word' id='word_1_40' title='bbox 1769 889 1985 921; x_wconf 79' lang='lat' dir='ltr'>illustrissimi</span> 
     </span>
     <span class='ocr_line' id='line_1_8' title="bbox 183 913 1988 1009; baseline -0.001 -25"><span class='ocrx_word' id='word_1_41' title='bbox 183 939 185 1009; x_wconf 39' lang='grc' dir='ltr'><strong>ί</strong></span> <span class='ocrx_word' id='word_1_42' title='bbox 253 953 265 994; x_wconf 66' lang='grc' dir='ltr'>ζ</span> <span class='ocrx_word' id='word_1_43' title='bbox 311 913 338 995; x_wconf 44' lang='lat' dir='ltr'>k</span> <span class='ocrx_word' id='word_1_44' title='bbox 437 952 476 984; x_wconf 92' lang='lat' dir='ltr'>D.</span> <span class='ocrx_word' id='word_1_45' title='bbox 503 952 542 984; x_wconf 93' lang='lat' dir='ltr'>D.</span> <span class='ocrx_word' id='word_1_46' title='bbox 569 953 611 984; x_wconf 87' lang='lat' dir='ltr'>lo.</span> <span class='ocrx_word' id='word_1_47' title='bbox 638 952 820 984; x_wconf 89' lang='lat' dir='ltr'>Hieronimi</span> <span class='ocrx_word' id='word_1_48' title='bbox 847 953 887 983; x_wconf 91' lang='lat' dir='ltr'>de</span> <span class='ocrx_word' id='word_1_49' title='bbox 915 952 1051 990; x_wconf 79' lang='lat' dir='ltr'>Rubeis‚</span> <span class='ocrx_word' id='word_1_50' title='bbox 1078 951 1138 983; x_wconf 88' lang='lat' dir='ltr'>Dei</span> <span class='ocrx_word' id='word_1_51' title='bbox 1165 955 1195 983; x_wconf 87' lang='lat' dir='ltr'>et</span> <span class='ocrx_word' id='word_1_52' title='bbox 1222 951 1439 992; x_wconf 80' lang='lat' dir='ltr'>Apostolicae</span> <span class='ocrx_word' id='word_1_53' title='bbox 1473 950 1572 983; x_wconf 83' lang='lat' dir='ltr'>Sedis</span> <span class='ocrx_word' id='word_1_54' title='bbox 1597 950 1712 983; x_wconf 85' lang='lat' dir='ltr'>Gratia</span> <span class='ocrx_word' id='word_1_55' title='bbox 1740 952 1898 992; x_wconf 72' lang='lat' dir='ltr'>Episcopi</span> <span class='ocrx_word' id='word_1_56' title='bbox 1931 962 1988 992; x_wconf 84' lang='lat' dir='ltr'>pa-</span> 
     </span>
     <span class='ocr_line' id='line_1_9' title="bbox 183 1013 1988 1055; baseline -0.001 -9"><span class='ocrx_word' id='word_1_57' title='bbox 183 1025 185 1051; x_wconf 82' lang='lat' dir='ltr'>l</span> <span class='ocrx_word' id='word_1_58' title='bbox 230 1048 234 1049; x_wconf 19' lang='lat'><em>⁷</em></span> <span class='ocrx_word' id='word_1_59' title='bbox 382 1050 385 1051; x_wconf 15' lang='lat'><em>⁷</em></span> <span class='ocrx_word' id='word_1_60' title='bbox 437 1016 567 1055; x_wconf 87' lang='lat' dir='ltr'>piensis</span> <span class='ocrx_word' id='word_1_61' title='bbox 592 1017 622 1046; x_wconf 91' lang='lat' dir='ltr'>et</span> <span class='ocrx_word' id='word_1_62' title='bbox 646 1016 790 1053; x_wconf 85' lang='lat' dir='ltr'>comitis,</span> <span class='ocrx_word' id='word_1_63' title='bbox 806 1024 864 1046; x_wconf 90' lang='lat' dir='ltr'>nec</span> <span class='ocrx_word' id='word_1_64' title='bbox 880 1024 944 1045; x_wconf 82' lang='lat' dir='ltr'>non</span> <span class='ocrx_word' id='word_1_65' title='bbox 972 1015 1199 1045; x_wconf 76' lang='lat' dir='ltr'>florentissimi</span> <span class='ocrx_word' id='word_1_66' title='bbox 1227 1015 1402 1045; x_wconf 77' lang='lat' dir='ltr'>ticinensis</span> <span class='ocrx_word' id='word_1_67' title='bbox 1422 1013 1599 1054; x_wconf 84' lang='lat' dir='ltr'>Gymnasii</span> <span class='ocrx_word' id='word_1_68' title='bbox 1625 1014 1815 1054; x_wconf 60' lang='lat' dir='ltr'>apostolico</span> <span class='ocrx_word' id='word_1_69' title='bbox 1834 1018 1863 1045; x_wconf 87' lang='lat' dir='ltr'>et</span> <span class='ocrx_word' id='word_1_70' title='bbox 1883 1015 1988 1054; x_wconf 85' lang='lat' dir='ltr'>inipe-</span> 
     </span>
     <span class='ocr_line' id='line_1_10' title="bbox 166 1075 1986 1117; baseline 0.001 -12"><span class='ocrx_word' id='word_1_71' title='bbox 166 1075 236 1106; x_wconf 82' lang='lat' dir='ltr'>riali</span> <span class='ocrx_word' id='word_1_72' title='bbox 263 1076 449 1117; x_wconf 84' lang='lat' dir='ltr'>privilegiis</span> <span class='ocrx_word' id='word_1_73' title='bbox 473 1075 670 1109; x_wconf 85' lang='lat' dir='ltr'>Cancellarii</span> <span class='ocrx_word' id='word_1_74' title='bbox 691 1077 894 1108; x_wconf 77' lang='lat' dir='ltr'>meritissimi</span> <span class='ocrx_word' id='word_1_75' title='bbox 916 1077 1063 1108; x_wconf 87' lang='lat' dir='ltr'>vicarius</span> <span class='ocrx_word' id='word_1_76' title='bbox 1088 1079 1119 1108; x_wconf 91' lang='lat' dir='ltr'>et</span> <span class='ocrx_word' id='word_1_77' title='bbox 1147 1077 1376 1107; x_wconf 85' lang='lat' dir='ltr'>locumtenens</span> <span class='ocrx_word' id='word_1_78' title='bbox 1402 1085 1439 1107; x_wconf 90' lang='lat' dir='ltr'>ac</span> <span class='ocrx_word' id='word_1_79' title='bbox 1459 1076 1753 1107; x_wconf 75' lang='lat' dir='ltr'>vicecancellarius</span> <span class='ocrx_word' id='word_1_80' title='bbox 1772 1076 1986 1114; x_wconf 86' lang='lat' dir='ltr'>substitutus,</span> 
     </span>
     <span class='ocr_line' id='line_1_11' title="bbox 164 1138 1986 1180; baseline 0.001 -12"><span class='ocrx_word' id='word_1_81' title='bbox 164 1138 332 1169; x_wconf 89' lang='lat' dir='ltr'>universis</span> <span class='ocrx_word' id='word_1_82' title='bbox 358 1141 389 1170; x_wconf 91' lang='lat' dir='ltr'>et</span> <span class='ocrx_word' id='word_1_83' title='bbox 415 1139 558 1180; x_wconf 85' lang='lat' dir='ltr'>singulis</span> <span class='ocrx_word' id='word_1_84' title='bbox 585 1142 758 1179; x_wconf 81' lang='lat' dir='ltr'>presentes</span> <span class='ocrx_word' id='word_1_85' title='bbox 778 1140 979 1179; x_wconf 86' lang='lat' dir='ltr'>inspecturis</span> <span class='ocrx_word' id='word_1_86' title='bbox 998 1139 1139 1170; x_wconf 79' lang='lat' dir='ltr'>salntem</span> <span class='ocrx_word' id='word_1_87' title='bbox 1159 1141 1190 1169; x_wconf 89' lang='lat' dir='ltr'>et</span> <span class='ocrx_word' id='word_1_88' title='bbox 1208 1139 1426 1169; x_wconf 88' lang='lat' dir='ltr'>reverentiam</span> <span class='ocrx_word' id='word_1_89' title='bbox 1446 1141 1510 1169; x_wconf 91' lang='lat' dir='ltr'>tam</span> <span class='ocrx_word' id='word_1_90' title='bbox 1531 1138 1678 1169; x_wconf 75' lang='lat' dir='ltr'>debitam</span> <span class='ocrx_word' id='word_1_91' title='bbox 1699 1147 1798 1178; x_wconf 85' lang='lat' dir='ltr'>quain</span> <span class='ocrx_word' id='word_1_92' title='bbox 1818 1138 1986 1169; x_wconf 90' lang='lat' dir='ltr'>devotam.</span> 
     </span>
     <span class='ocr_line' id='line_1_12' title="bbox 165 1198 1987 1242; baseline 0.001 -12"><span class='ocrx_word' id='word_1_93' title='bbox 165 1198 233 1231; x_wconf 84' lang='lat' dir='ltr'>Etsi</span> <span class='ocrx_word' id='word_1_94' title='bbox 259 1201 408 1232; x_wconf 91' lang='lat' dir='ltr'>omnium</span> <span class='ocrx_word' id='word_1_95' title='bbox 435 1210 494 1241; x_wconf 88' lang='lat' dir='ltr'>pro</span> <span class='ocrx_word' id='word_1_96' title='bbox 520 1202 657 1232; x_wconf 83' lang='lat' dir='ltr'>scientie</span> <span class='ocrx_word' id='word_1_97' title='bbox 683 1202 860 1242; x_wconf 87' lang='lat' dir='ltr'>margarita</span> <span class='ocrx_word' id='word_1_98' title='bbox 886 1201 1099 1241; x_wconf 82' lang='lat' dir='ltr'>capesceida</span> <span class='ocrx_word' id='word_1_99' title='bbox 1127 1201 1356 1232; x_wconf 77' lang='lat' dir='ltr'>insudantium</span> <span class='ocrx_word' id='word_1_100' title='bbox 1385 1201 1501 1236; x_wconf 84' lang='lat' dir='ltr'>virtus,</span> <span class='ocrx_word' id='word_1_101' title='bbox 1528 1201 1684 1241; x_wconf 81' lang='lat' dir='ltr'>exigente</span> <span class='ocrx_word' id='word_1_102' title='bbox 1711 1201 1847 1238; x_wconf 88' lang='lat' dir='ltr'>iustitia,</span> <span class='ocrx_word' id='word_1_103' title='bbox 1874 1201 1987 1241; x_wconf 82' lang='lat' dir='ltr'>dignis</span> 
     </span>
     <span class='ocr_line' id='line_1_13' title="bbox 163 1262 1987 1303; baseline 0.001 -11"><span class='ocrx_word' id='word_1_104' title='bbox 163 1262 204 1292; x_wconf 91' lang='lat' dir='ltr'>sit</span> <span class='ocrx_word' id='word_1_105' title='bbox 231 1263 389 1302; x_wconf 88' lang='lat' dir='ltr'>praemiis</span> <span class='ocrx_word' id='word_1_106' title='bbox 427 1263 630 1301; x_wconf 85' lang='lat' dir='ltr'>decoranda,</span> <span class='ocrx_word' id='word_1_107' title='bbox 658 1263 702 1294; x_wconf 94' lang='lat' dir='ltr'>illi</span> <span class='ocrx_word' id='word_1_108' title='bbox 729 1265 839 1294; x_wconf 89' lang='lat' dir='ltr'>tamen</span> <span class='ocrx_word' id='word_1_109' title='bbox 865 1264 921 1303; x_wconf 88' lang='lat' dir='ltr'>qui</span> <span class='ocrx_word' id='word_1_110' title='bbox 961 1264 991 1294; x_wconf 94' lang='lat' dir='ltr'>in</span> <span class='ocrx_word' id='word_1_111' title='bbox 1025 1272 1122 1294; x_wconf 81' lang='lat' dir='ltr'>sacra</span> <span class='ocrx_word' id='word_1_112' title='bbox 1160 1263 1340 1303; x_wconf 76' lang='lat' dir='ltr'>theologia,</span> <span class='ocrx_word' id='word_1_113' title='bbox 1366 1271 1453 1302; x_wconf 84' lang='lat' dir='ltr'>quae</span> <span class='ocrx_word' id='word_1_114' title='bbox 1491 1264 1540 1293; x_wconf 90' lang='lat' dir='ltr'>est</span> <span class='ocrx_word' id='word_1_115' title='bbox 1573 1263 1720 1293; x_wconf 85' lang='lat' dir='ltr'>omnium</span> <span class='ocrx_word' id='word_1_116' title='bbox 1749 1264 1851 1294; x_wconf 86' lang='lat' dir='ltr'>mater</span> <span class='ocrx_word' id='word_1_117' title='bbox 1887 1265 1987 1302; x_wconf 86' lang='lat' dir='ltr'>atque</span> 
     </span>
     <span class='ocr_line' id='line_1_14' title="bbox 163 1324 1987 1364; baseline 0.001 -10"><span class='ocrx_word' id='word_1_118' title='bbox 163 1325 321 1364; x_wconf 87' lang='lat' dir='ltr'>magistra</span> <span class='ocrx_word' id='word_1_119' title='bbox 347 1326 378 1356; x_wconf 91' lang='lat' dir='ltr'>et</span> <span class='ocrx_word' id='word_1_120' title='bbox 403 1325 479 1357; x_wconf 83' lang='lat' dir='ltr'>fidei</span> <span class='ocrx_word' id='word_1_121' title='bbox 498 1325 753 1357; x_wconf 82' lang='lat' dir='ltr'>fundamentum</span> <span class='ocrx_word' id='word_1_122' title='bbox 780 1328 811 1356; x_wconf 89' lang='lat' dir='ltr'>et</span> <span class='ocrx_word' id='word_1_123' title='bbox 837 1326 890 1356; x_wconf 87' lang='lat' dir='ltr'>via</span> <span class='ocrx_word' id='word_1_124' title='bbox 909 1327 996 1356; x_wconf 88' lang='lat' dir='ltr'>recta</span> <span class='ocrx_word' id='word_1_125' title='bbox 1014 1325 1056 1356; x_wconf 88' lang='lat' dir='ltr'>ad</span> <span class='ocrx_word' id='word_1_126' title='bbox 1078 1326 1179 1356; x_wconf 85' lang='lat' dir='ltr'>vitam</span> <span class='ocrx_word' id='word_1_127' title='bbox 1198 1327 1358 1362; x_wconf 86' lang='lat' dir='ltr'>eternam,</span> <span class='ocrx_word' id='word_1_128' title='bbox 1385 1325 1521 1364; x_wconf 88' lang='lat' dir='ltr'>propria</span> <span class='ocrx_word' id='word_1_129' title='bbox 1547 1324 1776 1364; x_wconf 82' lang='lat' dir='ltr'>relinquentes</span> <span class='ocrx_word' id='word_1_130' title='bbox 1794 1327 1825 1356; x_wconf 90' lang='lat' dir='ltr'>et</span> <span class='ocrx_word' id='word_1_131' title='bbox 1851 1325 1987 1364; x_wconf 90' lang='lat' dir='ltr'>seipsos</span> 
     </span>
     <span class='ocr_line' id='line_1_15' title="bbox 161 1386 1987 1427; baseline 0 -10"><span class='ocrx_word' id='word_1_132' title='bbox 161 1386 369 1427; x_wconf 81' lang='lat' dir='ltr'>abnegantes</span> <span class='ocrx_word' id='word_1_133' title='bbox 404 1396 461 1427; x_wconf 89' lang='lat' dir='ltr'>per</span> <span class='ocrx_word' id='word_1_134' title='bbox 487 1388 621 1419; x_wconf 90' lang='lat' dir='ltr'>diversa</span> <span class='ocrx_word' id='word_1_135' title='bbox 656 1388 770 1418; x_wconf 88' lang='lat' dir='ltr'>mondi</span> <span class='ocrx_word' id='word_1_136' title='bbox 797 1388 929 1418; x_wconf 84' lang='lat' dir='ltr'>climata</span> <span class='ocrx_word' id='word_1_137' title='bbox 967 1387 1079 1418; x_wconf 88' lang='lat' dir='ltr'>studia</span> <span class='ocrx_word' id='word_1_138' title='bbox 1118 1389 1277 1424; x_wconf 83' lang='lat' dir='ltr'>rotarunt,</span> <span class='ocrx_word' id='word_1_139' title='bbox 1304 1388 1334 1417; x_wconf 91' lang='lat' dir='ltr'>et</span> <span class='ocrx_word' id='word_1_140' title='bbox 1361 1387 1392 1417; x_wconf 95' lang='lat' dir='ltr'>in</span> <span class='ocrx_word' id='word_1_141' title='bbox 1426 1387 1475 1417; x_wconf 90' lang='lat' dir='ltr'>eis</span> <span class='ocrx_word' id='word_1_142' title='bbox 1501 1389 1617 1417; x_wconf 90' lang='lat' dir='ltr'>noctes</span> <span class='ocrx_word' id='word_1_143' title='bbox 1645 1395 1786 1426; x_wconf 82' lang='lat' dir='ltr'>persepe</span> <span class='ocrx_word' id='word_1_144' title='bbox 1825 1387 1987 1417; x_wconf 86' lang='lat' dir='ltr'>ducentes</span> 
     </span>
     <span class='ocr_line' id='line_1_16' title="bbox 162 1448 1989 1489; baseline 0.001 -11"><span class='ocrx_word' id='word_1_145' title='bbox 162 1448 345 1486; x_wconf 86' lang='lat' dir='ltr'>insomnes,</span> <span class='ocrx_word' id='word_1_146' title='bbox 373 1450 545 1480; x_wconf 90' lang='lat' dir='ltr'>immensis</span> <span class='ocrx_word' id='word_1_147' title='bbox 580 1449 754 1480; x_wconf 80' lang='lat' dir='ltr'>laboribus</span> <span class='ocrx_word' id='word_1_148' title='bbox 781 1452 812 1480; x_wconf 87' lang='lat' dir='ltr'>et</span> <span class='ocrx_word' id='word_1_149' title='bbox 849 1449 1033 1480; x_wconf 87' lang='lat' dir='ltr'>sudoribus</span> <span class='ocrx_word' id='word_1_150' title='bbox 1068 1449 1220 1479; x_wconf 89' lang='lat' dir='ltr'>bravium</span> <span class='ocrx_word' id='word_1_151' title='bbox 1246 1449 1437 1489; x_wconf 88' lang='lat' dir='ltr'>attigerunt,</span> <span class='ocrx_word' id='word_1_152' title='bbox 1464 1448 1606 1489; x_wconf 85' lang='lat' dir='ltr'>digniori</span> <span class='ocrx_word' id='word_1_153' title='bbox 1642 1451 1720 1479; x_wconf 91' lang='lat' dir='ltr'>sunt</span> <span class='ocrx_word' id='word_1_154' title='bbox 1755 1449 1880 1479; x_wconf 89' lang='lat' dir='ltr'>honore</span> <span class='ocrx_word' id='word_1_155' title='bbox 1915 1457 1989 1488; x_wconf 88' lang='lat' dir='ltr'>pre-</span> 
     </span>
     <span class='ocr_line' id='line_1_17' title="bbox 161 1509 1988 1551; baseline 0 -10"><span class='ocrx_word' id='word_1_156' title='bbox 161 1511 285 1541; x_wconf 88' lang='lat' dir='ltr'>miandi</span> <span class='ocrx_word' id='word_1_157' title='bbox 312 1513 343 1542; x_wconf 88' lang='lat' dir='ltr'>et</span> <span class='ocrx_word' id='word_1_158' title='bbox 370 1512 485 1542; x_wconf 87' lang='lat' dir='ltr'>maiori</span> <span class='ocrx_word' id='word_1_159' title='bbox 513 1512 697 1543; x_wconf 82' lang='lat' dir='ltr'>reverentie</span> <span class='ocrx_word' id='word_1_160' title='bbox 724 1512 814 1542; x_wconf 90' lang='lat' dir='ltr'>dono</span> <span class='ocrx_word' id='word_1_161' title='bbox 846 1511 1040 1543; x_wconf 86' lang='lat' dir='ltr'>decorandi.</span> <span class='ocrx_word' id='word_1_162' title='bbox 1069 1510 1153 1542; x_wconf 89' lang='lat' dir='ltr'>Cum</span> <span class='ocrx_word' id='word_1_163' title='bbox 1182 1512 1294 1551; x_wconf 88' lang='lat' dir='ltr'>itaque</span> <span class='ocrx_word' id='word_1_164' title='bbox 1320 1511 1462 1542; x_wconf 89' lang='lat' dir='ltr'>dilectus</span> <span class='ocrx_word' id='word_1_165' title='bbox 1489 1511 1519 1541; x_wconf 89' lang='lat' dir='ltr'>in</span> <span class='ocrx_word' id='word_1_166' title='bbox 1546 1509 1683 1542; x_wconf 90' lang='lat' dir='ltr'>Christo</span> <span class='ocrx_word' id='word_1_167' title='bbox 1711 1513 1805 1551; x_wconf 87' lang='lat' dir='ltr'>pater</span> <span class='ocrx_word' id='word_1_168' title='bbox 1830 1511 1988 1541; x_wconf 88' lang='lat' dir='ltr'>bacalau-</span> 
     </span>
     <span class='ocr_line' id='line_1_18' title="bbox 161 1572 1987 1614; baseline 0 -11"><span class='ocrx_word' id='word_1_169' title='bbox 161 1581 238 1603; x_wconf 90' lang='lat' dir='ltr'>reus</span> <span class='ocrx_word' id='word_1_170' title='bbox 258 1573 418 1613; x_wconf 88' lang='lat' dir='ltr'>magister</span> <span class='ocrx_word' id='word_1_171' title='bbox 436 1573 595 1604; x_wconf 84' lang='lat' dir='ltr'>Horatius</span> <span class='ocrx_word' id='word_1_172' title='bbox 610 1572 826 1605; x_wconf 88' lang='lat' dir='ltr'>Simiteculus</span> <span class='ocrx_word' id='word_1_173' title='bbox 844 1575 996 1610; x_wconf 89' lang='lat' dir='ltr'>venetus,</span> <span class='ocrx_word' id='word_1_174' title='bbox 1016 1572 1284 1614; x_wconf 83' lang='lat' dir='ltr'>Augustinianae</span> <span class='ocrx_word' id='word_1_175' title='bbox 1304 1572 1473 1606; x_wconf 78' lang='lat' dir='ltr'>Familiae.</span> <span class='ocrx_word' id='word_1_176' title='bbox 1493 1573 1649 1612; x_wconf 82' lang='lat' dir='ltr'>filiusque</span> <span class='ocrx_word' id='word_1_177' title='bbox 1668 1576 1855 1604; x_wconf 90' lang='lat' dir='ltr'>conventus</span> <span class='ocrx_word' id='word_1_178' title='bbox 1875 1572 1987 1604; x_wconf 84' lang='lat' dir='ltr'>Sancti</span> 
     </span>
     <span class='ocr_line' id='line_1_19' title="bbox 160 1632 1989 1676; baseline 0 -11"><span class='ocrx_word' id='word_1_179' title='bbox 160 1632 323 1674; x_wconf 87' lang='lat' dir='ltr'>Stephani</span> <span class='ocrx_word' id='word_1_180' title='bbox 349 1635 390 1666; x_wconf 90' lang='lat' dir='ltr'>de</span> <span class='ocrx_word' id='word_1_181' title='bbox 416 1635 576 1673; x_wconf 84' lang='lat' dir='ltr'>Venetiis,</span> <span class='ocrx_word' id='word_1_182' title='bbox 604 1637 681 1676; x_wconf 89' lang='lat' dir='ltr'>post</span> <span class='ocrx_word' id='word_1_183' title='bbox 706 1637 801 1667; x_wconf 88' lang='lat' dir='ltr'>actus</span> <span class='ocrx_word' id='word_1_184' title='bbox 827 1635 1032 1667; x_wconf 69' lang='lat' dir='ltr'>scolasticos</span> <span class='ocrx_word' id='word_1_185' title='bbox 1051 1644 1108 1675; x_wconf 91' lang='lat' dir='ltr'>per</span> <span class='ocrx_word' id='word_1_186' title='bbox 1134 1644 1209 1666; x_wconf 91' lang='lat' dir='ltr'>eum</span> <span class='ocrx_word' id='word_1_187' title='bbox 1236 1636 1457 1666; x_wconf 87' lang='lat' dir='ltr'>cunsumatos</span> <span class='ocrx_word' id='word_1_188' title='bbox 1484 1635 1514 1665; x_wconf 95' lang='lat' dir='ltr'>in</span> <span class='ocrx_word' id='word_1_189' title='bbox 1543 1635 1604 1665; x_wconf 90' lang='lat' dir='ltr'>hoc</span> <span class='ocrx_word' id='word_1_190' title='bbox 1639 1635 1793 1666; x_wconf 88' lang='lat' dir='ltr'>ticinensi</span> <span class='ocrx_word' id='word_1_191' title='bbox 1820 1644 1857 1666; x_wconf 90' lang='lat' dir='ltr'>ac</span> <span class='ocrx_word' id='word_1_192' title='bbox 1884 1635 1989 1666; x_wconf 93' lang='lat' dir='ltr'>bono-</span> 
     </span>
     <span class='ocr_line' id='line_1_20' title="bbox 162 1696 1988 1738; baseline 0 -10"><span class='ocrx_word' id='word_1_193' title='bbox 162 1697 268 1728; x_wconf 89' lang='lat' dir='ltr'>niensi</span> <span class='ocrx_word' id='word_1_194' title='bbox 295 1699 326 1728; x_wconf 90' lang='lat' dir='ltr'>et</span> <span class='ocrx_word' id='word_1_195' title='bbox 350 1698 425 1729; x_wconf 89' lang='lat' dir='ltr'>aliis</span> <span class='ocrx_word' id='word_1_196' title='bbox 452 1698 554 1729; x_wconf 90' lang='lat' dir='ltr'>variis</span> <span class='ocrx_word' id='word_1_197' title='bbox 592 1698 715 1729; x_wconf 90' lang='lat' dir='ltr'>studiis</span> <span class='ocrx_word' id='word_1_198' title='bbox 741 1698 829 1729; x_wconf 90' lang='lat' dir='ltr'>dicte</span> <span class='ocrx_word' id='word_1_199' title='bbox 857 1697 1054 1738; x_wconf 79' lang='lat' dir='ltr'>Religionis,</span> <span class='ocrx_word' id='word_1_200' title='bbox 1080 1697 1144 1729; x_wconf 91' lang='lat' dir='ltr'>sub</span> <span class='ocrx_word' id='word_1_201' title='bbox 1178 1697 1322 1738; x_wconf 87' lang='lat' dir='ltr'>singulis</span> <span class='ocrx_word' id='word_1_202' title='bbox 1349 1696 1574 1737; x_wconf 79' lang='lat' dir='ltr'>infrascriptis</span> <span class='ocrx_word' id='word_1_203' title='bbox 1604 1697 1798 1728; x_wconf 86' lang='lat' dir='ltr'>reverendis</span> <span class='ocrx_word' id='word_1_204' title='bbox 1824 1697 1988 1737; x_wconf 89' lang='lat' dir='ltr'>patribus,</span> 
     </span>
     <span class='ocr_line' id='line_1_21' title="bbox 161 1759 1989 1801; baseline 0 -11"><span class='ocrx_word' id='word_1_205' title='bbox 161 1767 254 1791; x_wconf 89' lang='lat' dir='ltr'>sacre</span> <span class='ocrx_word' id='word_1_206' title='bbox 279 1759 470 1801; x_wconf 85' lang='lat' dir='ltr'>theologiae</span> <span class='ocrx_word' id='word_1_207' title='bbox 494 1760 693 1792; x_wconf 89' lang='lat' dir='ltr'>doctoribus</span> <span class='ocrx_word' id='word_1_208' title='bbox 721 1760 821 1791; x_wconf 90' lang='lat' dir='ltr'>huius</span> <span class='ocrx_word' id='word_1_209' title='bbox 846 1760 954 1791; x_wconf 79' lang='lat' dir='ltr'>almae</span> <span class='ocrx_word' id='word_1_210' title='bbox 981 1760 1232 1797; x_wconf 87' lang='lat' dir='ltr'>Universitatis‚</span> <span class='ocrx_word' id='word_1_211' title='bbox 1259 1760 1374 1791; x_wconf 86' lang='lat' dir='ltr'>arduis</span> <span class='ocrx_word' id='word_1_212' title='bbox 1400 1760 1639 1799; x_wconf 84' lang='lat' dir='ltr'>questionibus</span> <span class='ocrx_word' id='word_1_213' title='bbox 1661 1760 1690 1790; x_wconf 95' lang='lat' dir='ltr'>in</span> <span class='ocrx_word' id='word_1_214' title='bbox 1717 1759 1876 1790; x_wconf 84' lang='lat' dir='ltr'>facultate</span> <span class='ocrx_word' id='word_1_215' title='bbox 1894 1760 1989 1791; x_wconf 89' lang='lat' dir='ltr'>theo-</span> 
     </span>
     <span class='ocr_line' id='line_1_22' title="bbox 161 1821 1987 1863; baseline 0.001 -11"><span class='ocrx_word' id='word_1_216' title='bbox 161 1821 270 1862; x_wconf 88' lang='lat' dir='ltr'>logiae</span> <span class='ocrx_word' id='word_1_217' title='bbox 294 1822 543 1862; x_wconf 83' lang='lat' dir='ltr'>respondiderit</span> <span class='ocrx_word' id='word_1_218' title='bbox 568 1823 722 1863; x_wconf 87' lang='lat' dir='ltr'>aliosque</span> <span class='ocrx_word' id='word_1_219' title='bbox 741 1824 837 1854; x_wconf 89' lang='lat' dir='ltr'>actus</span> <span class='ocrx_word' id='word_1_220' title='bbox 865 1823 1076 1854; x_wconf 89' lang='lat' dir='ltr'>bacalaureis</span> <span class='ocrx_word' id='word_1_221' title='bbox 1095 1831 1155 1862; x_wconf 89' lang='lat' dir='ltr'>pro</span> <span class='ocrx_word' id='word_1_222' title='bbox 1181 1822 1288 1853; x_wconf 80' lang='lat' dir='ltr'>forma</span> <span class='ocrx_word' id='word_1_223' title='bbox 1315 1822 1503 1863; x_wconf 87' lang='lat' dir='ltr'>legentibus</span> <span class='ocrx_word' id='word_1_224' title='bbox 1523 1822 1756 1853; x_wconf 86' lang='lat' dir='ltr'>incumbentes</span> <span class='ocrx_word' id='word_1_225' title='bbox 1775 1822 1987 1853; x_wconf 85' lang='lat' dir='ltr'>laudabiliter</span> 
     </span>
     <span class='ocr_line' id='line_1_23' title="bbox 161 1883 1982 1925; baseline 0.001 -11"><span class='ocrx_word' id='word_1_226' title='bbox 161 1885 358 1921; x_wconf 87' lang='lat' dir='ltr'>exercuerit,</span> <span class='ocrx_word' id='word_1_227' title='bbox 384 1887 414 1915; x_wconf 92' lang='lat' dir='ltr'>et</span> <span class='ocrx_word' id='word_1_228' title='bbox 441 1885 659 1924; x_wconf 85' lang='lat' dir='ltr'>postmodum</span> <span class='ocrx_word' id='word_1_229' title='bbox 680 1894 793 1916; x_wconf 88' lang='lat' dir='ltr'>coram</span> <span class='ocrx_word' id='word_1_230' title='bbox 821 1885 920 1916; x_wconf 90' lang='lat' dir='ltr'>nobis</span> <span class='ocrx_word' id='word_1_231' title='bbox 939 1894 998 1925; x_wconf 93' lang='lat' dir='ltr'>per</span> <span class='ocrx_word' id='word_1_232' title='bbox 1017 1885 1245 1916; x_wconf 89' lang='lat' dir='ltr'>venerandum</span> <span class='ocrx_word' id='word_1_233' title='bbox 1265 1883 1454 1925; x_wconf 86' lang='lat' dir='ltr'>Collegium</span> <span class='ocrx_word' id='word_1_234' title='bbox 1482 1884 1741 1915; x_wconf 90' lang='lat' dir='ltr'>reverendorum</span> <span class='ocrx_word' id='word_1_235' title='bbox 1768 1884 1982 1915; x_wconf 89' lang='lat' dir='ltr'>dominorum</span> 
     </span>
     <span class='ocr_line' id='line_1_24' title="bbox 162 1944 1987 1987; baseline 0 -11"><span class='ocrx_word' id='word_1_236' title='bbox 162 1953 256 1976; x_wconf 87' lang='lat' dir='ltr'>sacre</span> <span class='ocrx_word' id='word_1_237' title='bbox 282 1946 471 1986; x_wconf 87' lang='lat' dir='ltr'>theologiae</span> <span class='ocrx_word' id='word_1_238' title='bbox 497 1946 682 1985; x_wconf 84' lang='lat' dir='ltr'>doctorum,</span> <span class='ocrx_word' id='word_1_239' title='bbox 709 1946 868 1978; x_wconf 91' lang='lat' dir='ltr'>videlicet</span> <span class='ocrx_word' id='word_1_240' title='bbox 905 1947 1141 1987; x_wconf 89' lang='lat' dir='ltr'>magistrorum</span> <span class='ocrx_word' id='word_1_241' title='bbox 1180 1946 1364 1978; x_wconf 91' lang='lat' dir='ltr'>Hieronimi</span> <span class='ocrx_word' id='word_1_242' title='bbox 1391 1946 1546 1987; x_wconf 84' lang='lat' dir='ltr'>Viggiole</span> <span class='ocrx_word' id='word_1_243' title='bbox 1572 1946 1612 1977; x_wconf 90' lang='lat' dir='ltr'>de</span> <span class='ocrx_word' id='word_1_244' title='bbox 1640 1945 1810 1977; x_wconf 84' lang='lat' dir='ltr'>Placentia</span> <span class='ocrx_word' id='word_1_245' title='bbox 1848 1944 1987 1977; x_wconf 85' lang='lat' dir='ltr'>Ordinis</span> 
     </span>
     <span class='ocr_line' id='line_1_25' title="bbox 163 2005 1984 2046; baseline 0 -8"><span class='ocrx_word' id='word_1_246' title='bbox 163 2005 342 2039; x_wconf 87' lang='lat' dir='ltr'>Servorum</span> <span class='ocrx_word' id='word_1_247' title='bbox 368 2007 508 2046; x_wconf 87' lang='lat' dir='ltr'>Decani,</span> <span class='ocrx_word' id='word_1_248' title='bbox 535 2008 639 2039; x_wconf 83' lang='lat' dir='ltr'>Marci</span> <span class='ocrx_word' id='word_1_249' title='bbox 667 2008 802 2040; x_wconf 84' lang='lat' dir='ltr'>Antonii</span> <span class='ocrx_word' id='word_1_250' title='bbox 829 2009 869 2040; x_wconf 92' lang='lat' dir='ltr'>de</span> <span class='ocrx_word' id='word_1_251' title='bbox 896 2007 1115 2040; x_wconf 82' lang='lat' dir='ltr'>Ouidobonis</span> <span class='ocrx_word' id='word_1_252' title='bbox 1141 2007 1280 2040; x_wconf 89' lang='lat' dir='ltr'>Ordinis</span> <span class='ocrx_word' id='word_1_253' title='bbox 1308 2008 1478 2039; x_wconf 84' lang='lat' dir='ltr'>Minorum</span> <span class='ocrx_word' id='word_1_254' title='bbox 1504 2008 1789 2043; x_wconf 86' lang='lat' dir='ltr'>conventualium,</span> <span class='ocrx_word' id='word_1_255' title='bbox 1816 2007 1984 2039; x_wconf 86' lang='lat' dir='ltr'>Doniinici</span> 
     </span>
     <span class='ocr_line' id='line_1_26' title="bbox 164 2068 1984 2111; baseline -0.001 -10"><span class='ocrx_word' id='word_1_256' title='bbox 164 2069 205 2101; x_wconf 90' lang='lat' dir='ltr'>de</span> <span class='ocrx_word' id='word_1_257' title='bbox 231 2068 364 2101; x_wconf 85' lang='lat' dir='ltr'>Sanctis</span> <span class='ocrx_word' id='word_1_258' title='bbox 389 2069 528 2102; x_wconf 91' lang='lat' dir='ltr'>Ordinis</span> <span class='ocrx_word' id='word_1_259' title='bbox 554 2069 820 2108; x_wconf 87' lang='lat' dir='ltr'>Carmelitarum,</span> <span class='ocrx_word' id='word_1_260' title='bbox 846 2071 1021 2102; x_wconf 88' lang='lat' dir='ltr'>amborum</span> <span class='ocrx_word' id='word_1_261' title='bbox 1049 2072 1277 2111; x_wconf 89' lang='lat' dir='ltr'>promotorum</span> <span class='ocrx_word' id='word_1_262' title='bbox 1297 2079 1445 2107; x_wconf 89' lang='lat' dir='ltr'>suorum,</span> <span class='ocrx_word' id='word_1_263' title='bbox 1464 2072 1494 2101; x_wconf 91' lang='lat' dir='ltr'>et</span> <span class='ocrx_word' id='word_1_264' title='bbox 1510 2069 1709 2110; x_wconf 79' lang='lat' dir='ltr'>Archangeli</span> <span class='ocrx_word' id='word_1_265' title='bbox 1738 2069 1984 2101; x_wconf 85' lang='lat' dir='ltr'>Lanfranchoni</span> 
     </span>
     <span class='ocr_line' id='line_1_27' title="bbox 163 2131 1990 2173; baseline -0.001 -10"><span class='ocrx_word' id='word_1_266' title='bbox 163 2132 315 2164; x_wconf 90' lang='lat' dir='ltr'>eiusdem</span> <span class='ocrx_word' id='word_1_267' title='bbox 341 2131 480 2164; x_wconf 88' lang='lat' dir='ltr'>Ordinis</span> <span class='ocrx_word' id='word_1_268' title='bbox 505 2131 772 2170; x_wconf 84' lang='lat' dir='ltr'>Carmelitarum,</span> <span class='ocrx_word' id='word_1_269' title='bbox 788 2133 831 2164; x_wconf 92' lang='lat' dir='ltr'>ad</span> <span class='ocrx_word' id='word_1_270' title='bbox 857 2142 1001 2164; x_wconf 88' lang='lat' dir='ltr'>examen</span> <span class='ocrx_word' id='word_1_271' title='bbox 1028 2133 1303 2164; x_wconf 87' lang='lat' dir='ltr'>bacalaureorum</span> <span class='ocrx_word' id='word_1_272' title='bbox 1330 2132 1371 2163; x_wconf 90' lang='lat' dir='ltr'>ad</span> <span class='ocrx_word' id='word_1_273' title='bbox 1399 2132 1627 2173; x_wconf 88' lang='lat' dir='ltr'>magisterium</span> <span class='ocrx_word' id='word_1_274' title='bbox 1653 2133 1874 2172; x_wconf 86' lang='lat' dir='ltr'>aspirantiuni</span> <span class='ocrx_word' id='word_1_275' title='bbox 1902 2132 1990 2173; x_wconf 86' lang='lat' dir='ltr'>rigo-</span> 
     </span>
     <span class='ocr_line' id='line_1_28' title="bbox 166 2194 1985 2235; baseline -0.001 -9"><span class='ocrx_word' id='word_1_276' title='bbox 166 2203 240 2226; x_wconf 91' lang='lat' dir='ltr'>rose</span> <span class='ocrx_word' id='word_1_277' title='bbox 265 2195 479 2226; x_wconf 87' lang='lat' dir='ltr'>examinatus</span> <span class='ocrx_word' id='word_1_278' title='bbox 504 2195 612 2232; x_wconf 82' lang='lat' dir='ltr'>fuerit,</span> <span class='ocrx_word' id='word_1_279' title='bbox 638 2197 670 2226; x_wconf 90' lang='lat' dir='ltr'>et</span> <span class='ocrx_word' id='word_1_280' title='bbox 696 2195 782 2226; x_wconf 89' lang='lat' dir='ltr'>idem</span> <span class='ocrx_word' id='word_1_281' title='bbox 810 2196 969 2235; x_wconf 85' lang='lat' dir='ltr'>magister</span> <span class='ocrx_word' id='word_1_282' title='bbox 995 2195 1154 2226; x_wconf 84' lang='lat' dir='ltr'>Horatius</span> <span class='ocrx_word' id='word_1_283' title='bbox 1181 2195 1212 2225; x_wconf 88' lang='lat' dir='ltr'>in</span> <span class='ocrx_word' id='word_1_284' title='bbox 1238 2194 1394 2225; x_wconf 87' lang='lat' dir='ltr'>examine</span> <span class='ocrx_word' id='word_1_285' title='bbox 1421 2194 1496 2234; x_wconf 90' lang='lat' dir='ltr'>ipso</span> <span class='ocrx_word' id='word_1_286' title='bbox 1522 2202 1557 2225; x_wconf 90' lang='lat' dir='ltr'>se</span> <span class='ocrx_word' id='word_1_287' title='bbox 1583 2194 1692 2225; x_wconf 84' lang='lat' dir='ltr'>taliter</span> <span class='ocrx_word' id='word_1_288' title='bbox 1721 2194 1873 2225; x_wconf 88' lang='lat' dir='ltr'>habuerit</span> <span class='ocrx_word' id='word_1_289' title='bbox 1893 2195 1985 2234; x_wconf 85' lang='lat' dir='ltr'>quod</span> 
     </span>
     <span class='ocr_line' id='line_1_29' title="bbox 164 2255 1990 2297; baseline 0 -10"><span class='ocrx_word' id='word_1_290' title='bbox 164 2265 221 2297; x_wconf 88' lang='lat' dir='ltr'>per</span> <span class='ocrx_word' id='word_1_291' title='bbox 246 2257 419 2297; x_wconf 88' lang='lat' dir='ltr'>predictos</span> <span class='ocrx_word' id='word_1_292' title='bbox 443 2258 616 2288; x_wconf 88' lang='lat' dir='ltr'>dominum</span> <span class='ocrx_word' id='word_1_293' title='bbox 644 2256 819 2289; x_wconf 75' lang='lat' dir='ltr'>Decanum</span> <span class='ocrx_word' id='word_1_294' title='bbox 845 2259 876 2288; x_wconf 88' lang='lat' dir='ltr'>et</span> <span class='ocrx_word' id='word_1_295' title='bbox 895 2258 1075 2297; x_wconf 88' lang='lat' dir='ltr'>magistros</span> <span class='ocrx_word' id='word_1_296' title='bbox 1094 2256 1136 2288; x_wconf 90' lang='lat' dir='ltr'>ad</span> <span class='ocrx_word' id='word_1_297' title='bbox 1155 2256 1352 2287; x_wconf 88' lang='lat' dir='ltr'>doctoratus</span> <span class='ocrx_word' id='word_1_298' title='bbox 1371 2256 1512 2296; x_wconf 82' lang='lat' dir='ltr'>gradum</span> <span class='ocrx_word' id='word_1_299' title='bbox 1540 2256 1570 2286; x_wconf 93' lang='lat' dir='ltr'>in</span> <span class='ocrx_word' id='word_1_300' title='bbox 1591 2255 1717 2296; x_wconf 81' lang='lat' dir='ltr'>prefata</span> <span class='ocrx_word' id='word_1_301' title='bbox 1736 2257 1876 2287; x_wconf 89' lang='lat' dir='ltr'>scientia</span> <span class='ocrx_word' id='word_1_302' title='bbox 1895 2257 1990 2287; x_wconf 89' lang='lat' dir='ltr'>theo-</span> 
     </span>
     <span class='ocr_line' id='line_1_30' title="bbox 166 2317 1987 2359; baseline -0.001 -9"><span class='ocrx_word' id='word_1_303' title='bbox 166 2319 274 2359; x_wconf 90' lang='lat' dir='ltr'>logiae</span> <span class='ocrx_word' id='word_1_304' title='bbox 299 2319 542 2350; x_wconf 89' lang='lat' dir='ltr'>assumendum</span> <span class='ocrx_word' id='word_1_305' title='bbox 570 2319 713 2350; x_wconf 91' lang='lat' dir='ltr'>idoneus</span> <span class='ocrx_word' id='word_1_306' title='bbox 739 2321 769 2350; x_wconf 90' lang='lat' dir='ltr'>et</span> <span class='ocrx_word' id='word_1_307' title='bbox 795 2319 977 2356; x_wconf 76' lang='lat' dir='ltr'>sufficiens,</span> <span class='ocrx_word' id='word_1_308' title='bbox 997 2327 1127 2349; x_wconf 91' lang='lat' dir='ltr'>summa</span> <span class='ocrx_word' id='word_1_309' title='bbox 1144 2327 1218 2349; x_wconf 89' lang='lat' dir='ltr'>cum</span> <span class='ocrx_word' id='word_1_310' title='bbox 1245 2318 1354 2355; x_wconf 83' lang='lat' dir='ltr'>laude,</span> <span class='ocrx_word' id='word_1_311' title='bbox 1370 2318 1580 2358; x_wconf 89' lang='lat' dir='ltr'>approbatus</span> <span class='ocrx_word' id='word_1_312' title='bbox 1596 2317 1704 2355; x_wconf 81' lang='lat' dir='ltr'>tuerit,</span> <span class='ocrx_word' id='word_1_313' title='bbox 1726 2320 1758 2348; x_wconf 94' lang='lat' dir='ltr'>ut</span> <span class='ocrx_word' id='word_1_314' title='bbox 1774 2326 1831 2358; x_wconf 86' lang='lat' dir='ltr'>per</span> <span class='ocrx_word' id='word_1_315' title='bbox 1849 2318 1987 2349; x_wconf 87' lang='lat' dir='ltr'>cedulas</span> 
     </span>
     <span class='ocr_line' id='line_1_31' title="bbox 164 2379 1984 2421; baseline -0.001 -9"><span class='ocrx_word' id='word_1_316' title='bbox 164 2381 434 2421; x_wconf 83' lang='lat' dir='ltr'>approbatorias,</span> <span class='ocrx_word' id='word_1_317' title='bbox 461 2382 560 2413; x_wconf 89' lang='lat' dir='ltr'>nobis</span> <span class='ocrx_word' id='word_1_318' title='bbox 585 2390 603 2412; x_wconf 91' lang='lat' dir='ltr'>a</span> <span class='ocrx_word' id='word_1_319' title='bbox 630 2381 768 2421; x_wconf 78' lang='lat' dir='ltr'>prefatis</span> <span class='ocrx_word' id='word_1_320' title='bbox 795 2380 1004 2412; x_wconf 88' lang='lat' dir='ltr'>Doctoribus</span> <span class='ocrx_word' id='word_1_321' title='bbox 1031 2380 1061 2411; x_wconf 93' lang='lat' dir='ltr'>in</span> <span class='ocrx_word' id='word_1_322' title='bbox 1089 2382 1218 2411; x_wconf 90' lang='lat' dir='ltr'>secreto</span> <span class='ocrx_word' id='word_1_323' title='bbox 1245 2380 1408 2411; x_wconf 90' lang='lat' dir='ltr'>scrutinio</span> <span class='ocrx_word' id='word_1_324' title='bbox 1435 2379 1542 2417; x_wconf 89' lang='lat' dir='ltr'>datas,</span> <span class='ocrx_word' id='word_1_325' title='bbox 1558 2380 1783 2420; x_wconf 87' lang='lat' dir='ltr'>cognovimus</span> <span class='ocrx_word' id='word_1_326' title='bbox 1801 2380 1984 2411; x_wconf 87' lang='lat' dir='ltr'>evidenter:</span> 
     </span>
     <span class='ocr_line' id='line_1_32' title="bbox 166 2441 1987 2483; baseline -0.001 -9"><span class='ocrx_word' id='word_1_327' title='bbox 166 2442 204 2474; x_wconf 84' lang='lat' dir='ltr'>Et</span> <span class='ocrx_word' id='word_1_328' title='bbox 230 2443 370 2483; x_wconf 84' lang='lat' dir='ltr'>proinde</span> <span class='ocrx_word' id='word_1_329' title='bbox 395 2442 467 2474; x_wconf 89' lang='lat' dir='ltr'>Nos</span> <span class='ocrx_word' id='word_1_330' title='bbox 494 2443 647 2474; x_wconf 89' lang='lat' dir='ltr'>volentes</span> <span class='ocrx_word' id='word_1_331' title='bbox 673 2443 783 2474; x_wconf 88' lang='lat' dir='ltr'>eidem</span> <span class='ocrx_word' id='word_1_332' title='bbox 810 2443 971 2483; x_wconf 82' lang='lat' dir='ltr'>magistro</span> <span class='ocrx_word' id='word_1_333' title='bbox 998 2441 1136 2473; x_wconf 87' lang='lat' dir='ltr'>Horatio</span> <span class='ocrx_word' id='word_1_334' title='bbox 1163 2450 1223 2482; x_wconf 90' lang='lat' dir='ltr'>pro</span> <span class='ocrx_word' id='word_1_335' title='bbox 1250 2441 1424 2472; x_wconf 80' lang='lat' dir='ltr'>laboribus</span> <span class='ocrx_word' id='word_1_336' title='bbox 1450 2441 1522 2472; x_wconf 91' lang='lat' dir='ltr'>suis</span> <span class='ocrx_word' id='word_1_337' title='bbox 1552 2441 1691 2481; x_wconf 89' lang='lat' dir='ltr'>dignum</span> <span class='ocrx_word' id='word_1_338' title='bbox 1718 2441 1861 2472; x_wconf 83' lang='lat' dir='ltr'>fructum</span> <span class='ocrx_word' id='word_1_339' title='bbox 1888 2450 1987 2481; x_wconf 91' lang='lat' dir='ltr'>quem</span> 
     </span>
     <span class='ocr_line' id='line_1_33' title="bbox 165 2503 1988 2546; baseline -0.002 -9"><span class='ocrx_word' id='word_1_340' title='bbox 165 2513 350 2546; x_wconf 89' lang='lat' dir='ltr'>possumus</span> <span class='ocrx_word' id='word_1_341' title='bbox 376 2506 515 2537; x_wconf 86' lang='lat' dir='ltr'>reddere</span> <span class='ocrx_word' id='word_1_342' title='bbox 542 2514 754 2546; x_wconf 87' lang='lat' dir='ltr'>generosum,</span> <span class='ocrx_word' id='word_1_343' title='bbox 774 2505 918 2536; x_wconf 87' lang='lat' dir='ltr'>eundem</span> <span class='ocrx_word' id='word_1_344' title='bbox 939 2505 1136 2545; x_wconf 85' lang='lat' dir='ltr'>magistrum</span> <span class='ocrx_word' id='word_1_345' title='bbox 1156 2503 1342 2540; x_wconf 86' lang='lat' dir='ltr'>Horatium,</span> <span class='ocrx_word' id='word_1_346' title='bbox 1361 2503 1435 2534; x_wconf 57' lang='lat' dir='ltr'>sniis</span> <span class='ocrx_word' id='word_1_347' title='bbox 1453 2504 1502 2534; x_wconf 89' lang='lat' dir='ltr'>sic</span> <span class='ocrx_word' id='word_1_348' title='bbox 1528 2503 1744 2543; x_wconf 89' lang='lat' dir='ltr'>exigentibus</span> <span class='ocrx_word' id='word_1_349' title='bbox 1763 2503 1988 2534; x_wconf 89' lang='lat' dir='ltr'>benemeritis.</span> 
     </span>
     <span class='ocr_line' id='line_1_34' title="bbox 166 2564 1983 2607; baseline -0.002 -9"><span class='ocrx_word' id='word_1_350' title='bbox 166 2565 343 2598; x_wconf 86' lang='lat' dir='ltr'>Doctorem</span> <span class='ocrx_word' id='word_1_351' title='bbox 369 2567 400 2598; x_wconf 93' lang='lat' dir='ltr'>in</span> <span class='ocrx_word' id='word_1_352' title='bbox 428 2567 579 2607; x_wconf 84' lang='lat' dir='ltr'>predicta</span> <span class='ocrx_word' id='word_1_353' title='bbox 605 2576 700 2598; x_wconf 87' lang='lat' dir='ltr'>sacra</span> <span class='ocrx_word' id='word_1_354' title='bbox 726 2567 916 2607; x_wconf 82' lang='lat' dir='ltr'>theologiae</span> <span class='ocrx_word' id='word_1_355' title='bbox 950 2566 1101 2603; x_wconf 87' lang='lat' dir='ltr'>scientia,</span> <span class='ocrx_word' id='word_1_356' title='bbox 1127 2565 1324 2596; x_wconf 87' lang='lat' dir='ltr'>auctoritate</span> <span class='ocrx_word' id='word_1_357' title='bbox 1358 2565 1497 2605; x_wconf 88' lang='lat' dir='ltr'>predicti</span> <span class='ocrx_word' id='word_1_358' title='bbox 1534 2564 1660 2597; x_wconf 79' lang='lat' dir='ltr'>Rev.mi</span> <span class='ocrx_word' id='word_1_359' title='bbox 1688 2564 1726 2596; x_wconf 94' lang='lat' dir='ltr'>D.</span> <span class='ocrx_word' id='word_1_360' title='bbox 1755 2564 1794 2596; x_wconf 82' lang='lat' dir='ltr'>D.</span> <span class='ocrx_word' id='word_1_361' title='bbox 1821 2564 1983 2605; x_wconf 82' lang='lat' dir='ltr'>Episcopi</span> 
     </span>
     <span class='ocr_line' id='line_1_35' title="bbox 167 2627 1987 2670; baseline -0.002 -9"><span class='ocrx_word' id='word_1_362' title='bbox 167 2627 368 2661; x_wconf 89' lang='lat' dir='ltr'>Cancellarii</span> <span class='ocrx_word' id='word_1_363' title='bbox 395 2631 429 2660; x_wconf 93' lang='lat' dir='ltr'>ut</span> <span class='ocrx_word' id='word_1_364' title='bbox 455 2638 568 2669; x_wconf 87' lang='lat' dir='ltr'>supra,</span> <span class='ocrx_word' id='word_1_365' title='bbox 595 2638 660 2669; x_wconf 86' lang='lat' dir='ltr'>qua</span> <span class='ocrx_word' id='word_1_366' title='bbox 686 2629 857 2670; x_wconf 87' lang='lat' dir='ltr'>fungimur</span> <span class='ocrx_word' id='word_1_367' title='bbox 883 2629 913 2659; x_wconf 91' lang='lat' dir='ltr'>in</span> <span class='ocrx_word' id='word_1_368' title='bbox 942 2629 1002 2659; x_wconf 89' lang='lat' dir='ltr'>hac</span> <span class='ocrx_word' id='word_1_369' title='bbox 1040 2629 1143 2668; x_wconf 88' lang='lat' dir='ltr'>parte,</span> <span class='ocrx_word' id='word_1_370' title='bbox 1171 2627 1323 2661; x_wconf 82' lang='lat' dir='ltr'>facimus,</span> <span class='ocrx_word' id='word_1_371' title='bbox 1349 2627 1587 2659; x_wconf 89' lang='lat' dir='ltr'>constituimus</span> <span class='ocrx_word' id='word_1_372' title='bbox 1614 2629 1643 2658; x_wconf 90' lang='lat' dir='ltr'>et</span> <span class='ocrx_word' id='word_1_373' title='bbox 1662 2636 1827 2664; x_wconf 88' lang='lat' dir='ltr'>creamus,</span> <span class='ocrx_word' id='word_1_374' title='bbox 1853 2627 1987 2667; x_wconf 87' lang='lat' dir='ltr'>sibique</span> 
     </span>
     <span class='ocr_line' id='line_1_36' title="bbox 168 2689 1988 2731; baseline -0.002 -9"><span class='ocrx_word' id='word_1_375' title='bbox 168 2691 359 2722; x_wconf 85' lang='lat' dir='ltr'>cathedram</span> <span class='ocrx_word' id='word_1_376' title='bbox 389 2691 615 2731; x_wconf 85' lang='lat' dir='ltr'>magistralem</span> <span class='ocrx_word' id='word_1_377' title='bbox 641 2691 847 2722; x_wconf 89' lang='lat' dir='ltr'>ascendendi</span> <span class='ocrx_word' id='word_1_378' title='bbox 874 2693 905 2721; x_wconf 92' lang='lat' dir='ltr'>et</span> <span class='ocrx_word' id='word_1_379' title='bbox 931 2691 961 2721; x_wconf 93' lang='lat' dir='ltr'>in</span> <span class='ocrx_word' id='word_1_380' title='bbox 988 2699 1026 2721; x_wconf 87' lang='lat' dir='ltr'>ea</span> <span class='ocrx_word' id='word_1_381' title='bbox 1060 2690 1194 2730; x_wconf 89' lang='lat' dir='ltr'>publice</span> <span class='ocrx_word' id='word_1_382' title='bbox 1221 2689 1364 2729; x_wconf 87' lang='lat' dir='ltr'>legendi,</span> <span class='ocrx_word' id='word_1_383' title='bbox 1399 2689 1553 2726; x_wconf 86' lang='lat' dir='ltr'>docendi,</span> <span class='ocrx_word' id='word_1_384' title='bbox 1579 2689 1787 2729; x_wconf 88' lang='lat' dir='ltr'>disputandi,</span> <span class='ocrx_word' id='word_1_385' title='bbox 1813 2689 1988 2729; x_wconf 85' lang='lat' dir='ltr'>glossandi</span> 
     </span>
     <span class='ocr_line' id='line_1_37' title="bbox 167 2751 1989 2793; baseline -0.002 -9"><span class='ocrx_word' id='word_1_386' title='bbox 167 2754 198 2783; x_wconf 88' lang='lat' dir='ltr'>et</span> <span class='ocrx_word' id='word_1_387' title='bbox 223 2753 473 2793; x_wconf 85' lang='lat' dir='ltr'>interpretandi,</span> <span class='ocrx_word' id='word_1_388' title='bbox 500 2753 696 2793; x_wconf 88' lang='lat' dir='ltr'>questiones</span> <span class='ocrx_word' id='word_1_389' title='bbox 722 2754 753 2784; x_wconf 89' lang='lat' dir='ltr'>et</span> <span class='ocrx_word' id='word_1_390' title='bbox 785 2752 887 2784; x_wconf 89' lang='lat' dir='ltr'>dubia</span> <span class='ocrx_word' id='word_1_391' title='bbox 921 2752 1132 2789; x_wconf 89' lang='lat' dir='ltr'>terminandi,</span> <span class='ocrx_word' id='word_1_392' title='bbox 1158 2753 1357 2791; x_wconf 88' lang='lat' dir='ltr'>ceterosque</span> <span class='ocrx_word' id='word_1_393' title='bbox 1383 2751 1562 2782; x_wconf 89' lang='lat' dir='ltr'>doctoreos</span> <span class='ocrx_word' id='word_1_394' title='bbox 1599 2753 1695 2782; x_wconf 89' lang='lat' dir='ltr'>actus</span> <span class='ocrx_word' id='word_1_395' title='bbox 1722 2751 1773 2782; x_wconf 90' lang='lat' dir='ltr'>hic</span> <span class='ocrx_word' id='word_1_396' title='bbox 1806 2754 1837 2782; x_wconf 88' lang='lat' dir='ltr'>et</span> <span class='ocrx_word' id='word_1_397' title='bbox 1864 2751 1989 2790; x_wconf 86' lang='lat' dir='ltr'>ubique</span> 
     </span>
     <span class='ocr_line' id='line_1_38' title="bbox 168 2813 1710 2853; baseline -0.001 -8"><span class='ocrx_word' id='word_1_398' title='bbox 168 2813 317 2846; x_wconf 90' lang='lat' dir='ltr'>locorum</span> <span class='ocrx_word' id='word_1_399' title='bbox 343 2814 532 2852; x_wconf 86' lang='lat' dir='ltr'>exercendi,</span> <span class='ocrx_word' id='word_1_400' title='bbox 559 2815 728 2846; x_wconf 89' lang='lat' dir='ltr'>licentiam</span> <span class='ocrx_word' id='word_1_401' title='bbox 755 2815 876 2846; x_wconf 90' lang='lat' dir='ltr'>damus</span> <span class='ocrx_word' id='word_1_402' title='bbox 902 2816 932 2845; x_wconf 90' lang='lat' dir='ltr'>et</span> <span class='ocrx_word' id='word_1_403' title='bbox 958 2814 1149 2845; x_wconf 79' lang='lat' dir='ltr'>facultatem</span> <span class='ocrx_word' id='word_1_404' title='bbox 1175 2813 1393 2844; x_wconf 88' lang='lat' dir='ltr'>concedimus</span> <span class='ocrx_word' id='word_1_405' title='bbox 1419 2821 1477 2853; x_wconf 91' lang='lat' dir='ltr'>per</span> <span class='ocrx_word' id='word_1_406' title='bbox 1502 2815 1710 2853; x_wconf 83' lang='lat' dir='ltr'>praesentes.</span> 
     </span>
    </p>

    <p class='ocr_par' dir='ltr' id='par_1_8' title="bbox 167 2874 1988 3103">
     <span class='ocr_line' id='line_1_39' title="bbox 257 2874 1987 2917; baseline -0.002 -9"><span class='ocrx_word' id='word_1_407' title='bbox 257 2874 352 2913; x_wconf 89' lang='lat' dir='ltr'>Quas</span> <span class='ocrx_word' id='word_1_408' title='bbox 377 2876 409 2907; x_wconf 90' lang='lat' dir='ltr'>in</span> <span class='ocrx_word' id='word_1_409' title='bbox 435 2877 699 2917; x_wconf 86' lang='lat' dir='ltr'>praemissorum</span> <span class='ocrx_word' id='word_1_410' title='bbox 724 2877 824 2908; x_wconf 80' lang='lat' dir='ltr'>fidem</span> <span class='ocrx_word' id='word_1_411' title='bbox 850 2879 881 2908; x_wconf 91' lang='lat' dir='ltr'>et</span> <span class='ocrx_word' id='word_1_412' title='bbox 899 2876 1127 2908; x_wconf 88' lang='lat' dir='ltr'>testimonium</span> <span class='ocrx_word' id='word_1_413' title='bbox 1154 2876 1222 2906; x_wconf 84' lang='lat' dir='ltr'>fieri</span> <span class='ocrx_word' id='word_1_414' title='bbox 1250 2874 1392 2906; x_wconf 81' lang='lat' dir='ltr'>fecimus</span> <span class='ocrx_word' id='word_1_415' title='bbox 1418 2875 1449 2906; x_wconf 93' lang='lat' dir='ltr'>in</span> <span class='ocrx_word' id='word_1_416' title='bbox 1474 2874 1615 2906; x_wconf 82' lang='lat' dir='ltr'>formam</span> <span class='ocrx_word' id='word_1_417' title='bbox 1642 2875 1769 2915; x_wconf 85' lang='lat' dir='ltr'>publici</span> <span class='ocrx_word' id='word_1_418' title='bbox 1795 2874 1987 2906; x_wconf 87' lang='lat' dir='ltr'>documenti</span> 
     </span>
     <span class='ocr_line' id='line_1_40' title="bbox 168 2935 1988 2979; baseline -0.002 -10"><span class='ocrx_word' id='word_1_419' title='bbox 168 2946 227 2978; x_wconf 86' lang='lat' dir='ltr'>per</span> <span class='ocrx_word' id='word_1_420' title='bbox 251 2937 294 2969; x_wconf 91' lang='lat' dir='ltr'>Io.</span> <span class='ocrx_word' id='word_1_421' title='bbox 320 2937 501 2969; x_wconf 85' lang='lat' dir='ltr'>Antonium</span> <span class='ocrx_word' id='word_1_422' title='bbox 527 2938 568 2970; x_wconf 91' lang='lat' dir='ltr'>de</span> <span class='ocrx_word' id='word_1_423' title='bbox 593 2937 705 2979; x_wconf 87' lang='lat' dir='ltr'>Segna</span> <span class='ocrx_word' id='word_1_424' title='bbox 731 2939 896 2970; x_wconf 86' lang='lat' dir='ltr'>notarium</span> <span class='ocrx_word' id='word_1_425' title='bbox 923 2941 954 2970; x_wconf 93' lang='lat' dir='ltr'>et</span> <span class='ocrx_word' id='word_1_426' title='bbox 979 2938 1215 2969; x_wconf 88' lang='lat' dir='ltr'>cancellarium</span> <span class='ocrx_word' id='word_1_427' title='bbox 1241 2935 1364 2969; x_wconf 88' lang='lat' dir='ltr'>Curiae</span> <span class='ocrx_word' id='word_1_428' title='bbox 1390 2936 1599 2977; x_wconf 88' lang='lat' dir='ltr'>episcopalis</span> <span class='ocrx_word' id='word_1_429' title='bbox 1625 2937 1801 2977; x_wconf 88' lang='lat' dir='ltr'>papiensis</span> <span class='ocrx_word' id='word_1_430' title='bbox 1819 2936 1988 2977; x_wconf 84' lang='lat' dir='ltr'>sigillique</span> 
     </span>
     <span class='ocr_line' id='line_1_41' title="bbox 167 2996 1983 3041; baseline -0.002 -9"><span class='ocrx_word' id='word_1_431' title='bbox 167 2997 396 3032; x_wconf 87' lang='lat' dir='ltr'>Cancellariae</span> <span class='ocrx_word' id='word_1_432' title='bbox 431 3000 585 3032; x_wconf 89' lang='lat' dir='ltr'>eiusdem</span> <span class='ocrx_word' id='word_1_433' title='bbox 618 2998 740 3033; x_wconf 88' lang='lat' dir='ltr'>Curiae</span> <span class='ocrx_word' id='word_1_434' title='bbox 777 3001 988 3041; x_wconf 89' lang='lat' dir='ltr'>appensione</span> <span class='ocrx_word' id='word_1_435' title='bbox 1025 3000 1200 3031; x_wconf 86' lang='lat' dir='ltr'>comuniri.</span> <span class='ocrx_word' id='word_1_436' title='bbox 1238 2997 1413 3036; x_wconf 87' lang='lat' dir='ltr'>Ceterum,</span> <span class='ocrx_word' id='word_1_437' title='bbox 1451 2999 1544 3038; x_wconf 87' lang='lat' dir='ltr'>prius</span> <span class='ocrx_word' id='word_1_438' title='bbox 1576 2998 1713 3038; x_wconf 89' lang='lat' dir='ltr'>expleto</span> <span class='ocrx_word' id='word_1_439' title='bbox 1750 3006 1904 3029; x_wconf 86' lang='lat' dir='ltr'>sermone</span> <span class='ocrx_word' id='word_1_440' title='bbox 1942 2996 1983 3027; x_wconf 86' lang='lat' dir='ltr'>de</span> 
     </span>
     <span class='ocr_line' id='line_1_42' title="bbox 169 3058 1984 3103; baseline -0.002 -11"><span class='ocrx_word' id='word_1_441' title='bbox 169 3061 271 3092; x_wconf 88' lang='lat' dir='ltr'>nostri</span> <span class='ocrx_word' id='word_1_442' title='bbox 298 3061 441 3099; x_wconf 86' lang='lat' dir='ltr'>licentia,</span> <span class='ocrx_word' id='word_1_443' title='bbox 468 3063 501 3093; x_wconf 90' lang='lat' dir='ltr'>ut</span> <span class='ocrx_word' id='word_1_444' title='bbox 527 3062 628 3093; x_wconf 82' lang='lat' dir='ltr'>moris</span> <span class='ocrx_word' id='word_1_445' title='bbox 654 3064 715 3101; x_wconf 83' lang='lat' dir='ltr'>est,</span> <span class='ocrx_word' id='word_1_446' title='bbox 741 3071 799 3103; x_wconf 90' lang='lat' dir='ltr'>per</span> <span class='ocrx_word' id='word_1_447' title='bbox 824 3062 1010 3103; x_wconf 90' lang='lat' dir='ltr'>predictum</span> <span class='ocrx_word' id='word_1_448' title='bbox 1030 3062 1226 3102; x_wconf 86' lang='lat' dir='ltr'>magistrum</span> <span class='ocrx_word' id='word_1_449' title='bbox 1253 3059 1466 3091; x_wconf 90' lang='lat' dir='ltr'>Dominicum</span> <span class='ocrx_word' id='word_1_450' title='bbox 1486 3059 1527 3091; x_wconf 87' lang='lat' dir='ltr'>de</span> <span class='ocrx_word' id='word_1_451' title='bbox 1546 3058 1690 3097; x_wconf 89' lang='lat' dir='ltr'>Sanctis,</span> <span class='ocrx_word' id='word_1_452' title='bbox 1706 3068 1799 3091; x_wconf 87' lang='lat' dir='ltr'>sacre</span> <span class='ocrx_word' id='word_1_453' title='bbox 1817 3058 1984 3098; x_wconf 82' lang='lat' dir='ltr'>theologie</span> 
     </span>
    </p>
   </div>
  </div>
 </body>
</html>
