2305 3407
279 160 343 192 278

275 293 384 325 smodi
410 302 451 324 ex
479 292 678 332 praemissis
704 291 884 332 plurimum
912 290 971 321 lesi
997 293 1028 321 et
1054 290 1183 331 gravati
1209 298 1248 321 ac
1273 290 1403 330 decepti
1429 289 1589 326 existant,
1614 290 1645 319 et
1671 289 1891 328 praemissam
1925 296 2095 319 enormem

275 356 437 387 lesionem
475 354 595 386 factam
633 346 887 393 iuramentaque
925 352 1002 384 inde
1039 352 1179 392 prestita
1215 352 1295 383 dolo
1331 354 1461 384 extorta
1499 351 1642 387 fuerint,
1684 350 1974 390 iuramentumque
2014 349 2094 381 dolo

273 420 453 455 extortum,
480 417 652 448 vinculum
680 416 868 456 iniquitatis
908 424 984 447 esse
1026 424 1091 446 non
1129 414 1280 446 debuerit
1322 423 1381 445 nec
1418 414 1547 449 debeat,
1588 413 1721 453 ipsique
1758 412 1876 444 fratres
1911 421 1949 444 ac
1978 421 2092 443 eorum

275 479 495 519 provincialis
520 487 556 510 ac
594 478 762 519 generalis
802 480 833 509 et
871 477 1082 514 diffinitores,
1124 501 1395 507 .........
1438 475 1658 516 preiudicium
1700 478 1765 506 tam
1804 483 1862 515 per
1899 477 2091 515 pretensam

271 541 487 572 concordiam
514 544 544 571 et
571 541 755 571 iuramenta
798 540 935 580 prestita
973 548 1073 580 quam
1112 547 1170 579 per
1207 539 1334 570 litteras
1370 547 1484 570 sacrae
1522 538 1796 579 poeniteutieriae
1834 546 1936 578 super
1968 537 2092 569 dictam

270 606 460 643 preterisam
497 602 713 634 concordiam
751 602 908 633 obtentas
945 603 975 632 et
1008 601 1073 633 alia
1111 601 1307 638 subsecuta,
1334 600 1483 641 prefatae
1509 601 1622 631 domui
1650 599 1682 632 S.
1711 599 1893 631 Mostiolae
1919 608 1956 630 ac
1982 600 2090 631 eidem

271 665 378 695 ordini
417 667 447 696 et
488 665 565 696 aliis
605 664 788 704 praedictis
830 663 948 695 inferre
990 673 1055 694 non
1097 664 1266 703 potuerint
1304 672 1363 694 nec
1401 663 1589 700 debuerint;
1627 663 1760 702 ipsique
1798 662 1915 693 fratres
1951 664 1982 692 et
2016 670 2092 702 pro-

271 730 405 757 curator
429 735 468 757 ac
495 725 694 757 diffinitores
731 726 771 756 de
813 725 963 756 nullitate
1001 725 1202 756 concordiae
1242 725 1453 765 aliorumque
1494 727 1711 756 executorum
1739 725 1933 756 huiusmodi
1972 733 2093 756 renun-

270 789 514 828 tiationumque
541 791 571 819 et
597 788 841 828 obligationum
870 788 1111 828 premissarum
1138 787 1261 818 docere
1292 788 1476 825 intendant,
1495 788 1717 828 dubitentque
1737 790 1873 828 propter
1903 788 2089 818 iuramenta

269 852 344 882 ind:
372 852 520 891 prestita,
547 851 577 881 id
606 851 669 882 sibi
698 851 807 882 minus
835 851 931 882 licere
957 853 987 881 et
1015 850 1068 881 illa
1087 859 1125 881 ac
1147 850 1274 881 litteras
1293 849 1441 890 prefatas
1471 858 1508 880 ac
1535 850 1810 887 renuntiationes,
1848 849 2088 889 obligationes,

270 914 516 953 promissiones
541 916 571 944 et
597 914 661 944 alia
688 916 824 945 saecuta
850 913 996 950 obstare,
1024 922 1084 953 pro
1121 916 1214 953 parte
1241 913 1434 944 eorumdem
1462 913 1699 952 procuratoris,
1725 912 1944 943 diffinitorum
1970 914 2000 943 et
2027 911 2091 943 fra-

268 980 351 1006 trum
379 976 478 1007 nobis
505 975 565 1006 fuit
592 976 759 1006 humiliter
785 976 1026 1016 supplicatum,
1053 980 1220 1016 quatenus
1247 977 1468 1007 iuramentum
1495 984 1555 1007 seu
1583 976 1768 1007 iuramenta
1796 976 1988 1007 liuiusniodi
2029 976 2089 1013 eis,

270 1039 312 1069 ad
339 1038 492 1070 effectum
519 1039 641 1079 agendi
668 1041 699 1069 et
724 1039 765 1069 de
791 1039 917 1069 enormi
945 1038 1072 1070 lesione
1098 1039 1254 1075 docendi,
1281 1041 1314 1069 ut
1341 1039 1421 1069 iuris
1446 1038 1554 1073 fuerit,
1582 1039 1723 1069 relaxari
1751 1039 1914 1078 ipsosque
1942 1039 1973 1069 in
2007 1039 2090 1070 inte-

265 1111 359 1141 grum
385 1102 553 1133 adversus
579 1102 740 1133 lesionem
767 1102 867 1133 etiam
895 1104 993 1142 prout
1021 1102 1101 1132 iuris
1128 1101 1226 1132 fuerit
1253 1101 1392 1135 restitui.
1422 1110 1481 1132 nec
1510 1110 1574 1132 non
1601 1110 1738 1132 causam
1765 1104 1795 1132 et
1821 1110 1945 1132 causas
1986 1110 2087 1141 quam

267 1168 295 1195 et
322 1173 408 1204 quas
434 1165 497 1205 ipsi
526 1168 722 1204 procurator
747 1168 778 1196 et
804 1164 1005 1196 diffinitores
1031 1166 1061 1195 et
1086 1163 1206 1194 fratres
1233 1164 1356 1194 liabent
1382 1166 1411 1194 et
1439 1166 1583 1198 movent,
1610 1172 1648 1194 ac
1679 1163 1801 1194 habere
1827 1165 1859 1194 et
1878 1172 2010 1194 movere
2030 1172 2089 1195 vo-

267 1226 336 1257 lunt
362 1230 391 1257 et
419 1227 595 1258 intendunt
620 1230 735 1258 contra
762 1226 981 1258 Abbatissam
1008 1230 1038 1258 et
1065 1226 1229 1257 moniales
1252 1227 1442 1266 praedictas
1463 1235 1649 1266 omnesque
1675 1226 1760 1257 alios
1779 1235 1850 1263 sua,
1869 1227 2089 1258 communiter

266 1298 366 1329 quam
393 1289 543 1327 divisim,
571 1290 733 1321 interesse
761 1292 918 1329 putantes
933 1298 1034 1330 super
1049 1289 1247 1330 praemissis
1263 1288 1432 1329 rebusque
1447 1290 1522 1320 aliis
1549 1289 1580 1320 in
1606 1290 1690 1320 actis
1715 1298 1838 1320 causae
1853 1292 1883 1320 et
1909 1297 2086 1321 causarum

265 1352 457 1383 huiusmodi
486 1352 586 1383 latius
612 1353 823 1384 deducendis
849 1353 947 1384 etiam
975 1353 1006 1383 in
1033 1352 1137 1383 literis
1162 1354 1193 1383 et
1220 1352 1450 1382 instrumentis
1484 1351 1666 1391 praedictis
1697 1352 1884 1392 expressis,
1910 1352 2085 1392 aliquibus

265 1415 381 1454 probis
408 1415 488 1446 viris
515 1415 545 1445 in
574 1415 638 1446 illis
665 1415 819 1455 partibus
845 1418 876 1446 et
901 1415 1037 1446 cuilibet
1063 1424 1178 1446 eorum
1205 1423 1279 1446 cum
1306 1414 1466 1445 omnibus
1483 1415 1514 1445 et
1532 1414 1676 1455 singulis
1696 1414 1824 1445 illarum
1845 1414 2082 1453 incidentibus,

265 1477 548 1517 dependentibus,
574 1477 834 1518 emergentibus,
861 1478 1004 1509 annexis
1030 1479 1060 1508 et
1086 1477 1250 1508 connexis
1277 1477 1457 1507 summarie
1476 1477 1679 1507 coniunctim
1699 1477 1750 1507 vel
1780 1476 1916 1508 divisim
1946 1477 2085 1508 arbitrio

265 1548 328 1569 suo
354 1540 624 1579 cognoscendas,
650 1540 850 1576 audiendas,
877 1540 1096 1577 decidendas,
1122 1540 1256 1579 fineque
1281 1539 1398 1570 debito
1416 1539 1658 1577 terminandas,
1684 1548 1758 1570 cum
1785 1542 1952 1580 potestate
1990 1548 2086 1578 prae-

266 1601 373 1632 dictas
400 1600 618 1633 Abbatissam
633 1604 663 1633 et
691 1602 855 1633 moniales
870 1611 1057 1642 omnesque
1071 1602 1167 1637 alios,
1186 1602 1216 1632 in
1232 1602 1431 1633 executione
1457 1602 1626 1633 citationis
1642 1602 1869 1642 praesentium
1896 1602 2012 1643 vigore
2030 1602 2088 1634 de-

264 1663 462 1700 cernendae,
489 1664 685 1695 nominandi
711 1665 810 1695 etiam
838 1673 896 1704 per
921 1665 1068 1696 edictum
1095 1664 1306 1705 pubblicum,
1333 1665 1479 1695 constito
1506 1665 1686 1695 summarie
1712 1666 1743 1695 et
1773 1666 1866 1695 extra
1887 1665 2086 1696 iudicialiter

264 1725 304 1755 de
331 1734 396 1755 non
423 1727 493 1756 tuto
519 1734 660 1757 accessu
687 1727 811 1758 citandi
838 1735 875 1757 ac
902 1727 1082 1767 praedictis
1108 1727 1336 1767 omnibusque
1362 1728 1437 1759 aliis
1464 1727 1633 1758 iudicibus
1659 1730 1691 1759 et
1728 1728 1884 1768 personis
1924 1736 2087 1768 quacum—

265 1796 329 1826 que
355 1789 551 1820 auctoritate
577 1791 607 1820 et
633 1789 794 1830 dignitate
822 1789 1040 1830 fungentibus
1065 1792 1096 1820 et
1122 1789 1280 1829 quotiens
1308 1789 1466 1820 inibenda
1492 1789 1590 1821 fuerit
1630 1790 1728 1821 etiam
1766 1790 1830 1821 sub
1866 1790 2018 1821 censuris
2054 1792 2085 1822 et

266 1851 385 1891 poenis
410 1851 648 1883 ecclesiasticis
674 1855 705 1883 et
731 1853 935 1893 pecuniariis
962 1853 1123 1890 inibendi,
1149 1861 1187 1884 ac
1223 1853 1369 1884 constito
1394 1852 1434 1882 de
1470 1852 1596 1882 enormi
1636 1852 1764 1883 lesione
1801 1861 1841 1883 ex
1879 1852 2082 1884 alienatione

266 1913 428 1944 bonorum
455 1917 486 1944 et
512 1915 704 1945 monasterii
731 1923 769 1945 ac
796 1915 915 1946 iurium
943 1914 1138 1946 huiusmodi
1175 1917 1232 1945 aut
1268 1914 1353 1945 alias
1390 1914 1620 1954 proveniente,
1646 1914 1866 1946 iuramentum
1905 1923 1963 1945 seu
2001 1914 2088 1945 iura-

266 1977 375 2006 menta
403 1976 476 2016 ipsa
501 1977 543 2007 ad
570 1976 723 2008 effectum
750 1977 872 2017 agendi
900 1980 998 2017 prout
1037 1978 1117 2008 iuris
1154 1977 1251 2008 fuerit
1279 1977 1465 2014 relaxandi,
1506 1977 1684 2017 dictosque
1710 1976 1829 2008 fratres
1865 1980 1896 2008 et
1934 1977 2084 2017 ipsorum

264 2037 400 2069 domum
428 2047 485 2069 seu
515 2040 753 2070 monasterium
782 2040 812 2070 in
840 2040 1004 2080 integrum
1031 2045 1062 2071 et
1089 2042 1187 2080 prout
1225 2040 1305 2071 iuris
1342 2039 1440 2070 fuerit
1467 2039 1675 2076 restituendi,
1705 2048 1743 2070 ac
1771 2039 1936 2079 premissa
1972 2039 2084 2070 omnia

264 2102 293 2130 et
320 2101 463 2140 singula,
490 2102 636 2132 constito
662 2101 702 2133 de
728 2103 855 2133 enormi
884 2103 1022 2140 lesione,
1050 2103 1139 2133 nulla
1166 2104 1196 2134 et
1223 2102 1371 2134 invalida
1397 2102 1502 2133 fuisse
1528 2104 1558 2133 et
1584 2110 1659 2133 esse
1686 2105 1785 2142 prout
1815 2102 1896 2133 iuris
1915 2101 2013 2133 fuerit
2030 2102 2088 2134 de-

263 2163 432 2199 cernendi,
458 2172 496 2194 ac
523 2163 756 2195 inobedientes
782 2166 813 2195 et
839 2164 982 2196 rebelles
1007 2173 1170 2196 censuras
1195 2168 1225 2196 et
1252 2174 1380 2205 poenas
1421 2165 1614 2205 praedictas
1655 2165 1836 2196 incurrisse
1874 2167 1905 2196 et
1943 2166 1973 2196 in
2012 2165 2086 2196 illas

265 2224 427 2256 incidisse
453 2225 658 2263 declarandi,
687 2226 810 2266 illaque
825 2227 924 2258 etiam
953 2227 1078 2258 iteratis
1105 2227 1248 2262 vicibus,
1264 2236 1434 2269 aggravari
1453 2228 1471 2258 li
1499 2230 1529 2259 et
1556 2227 1846 2268 reaggravandiet
1865 2227 2086 2258 interdicendi

267 2295 305 2318 ac
331 2287 495 2318 auxilium
523 2288 648 2319 bracliii
676 2290 861 2321 saecularis
887 2291 913 2320 si
941 2299 1029 2330 opus
1054 2290 1151 2321 fuerit
1178 2291 1369 2327 invocandi,
1397 2300 1457 2322 nec
1483 2300 1548 2321 non
1582 2290 1694 2321 omnia
1720 2293 1751 2321 et
1787 2290 1920 2331 singula
1949 2290 2083 2330 aliaque

265 2349 295 2379 in
323 2350 520 2389 praemissis
545 2354 576 2381 et
602 2351 688 2382 circa
714 2360 751 2382 ea
779 2353 971 2383 necessaria
998 2352 1129 2389 fuerint,
1157 2353 1414 2393 quomodolibet
1448 2356 1640 2394 opportune
1678 2352 1834 2390 faciendi,
1863 2353 2012 2393 gerendi,
2039 2361 2088 2383 re-

266 2411 420 2448 vocandi,
446 2413 626 2443 exercendi
654 2416 685 2444 et
710 2414 914 2453 exequendi,
942 2415 1139 2454 praemissis
1164 2424 1203 2446 ac
1230 2416 1411 2455 quibusvis
1436 2416 1737 2447 constitutionibus
1762 2418 1793 2446 et
1811 2415 2083 2446 ordinationibus

264 2473 473 2512 apostolicis,
501 2474 687 2514 privilegiis
702 2484 838 2515 quoque
864 2479 894 2507 et
922 2477 1061 2508 indultis
1080 2480 1109 2508 et
1130 2478 1375 2517 praedictorum
1395 2478 1549 2508 ordinum
1569 2478 1667 2509 etiam
1685 2477 1873 2518 apostolica
1894 2477 1945 2508 vel
1964 2477 2087 2516 quavis

264 2534 417 2566 firmitate
443 2535 507 2566 alia
534 2536 703 2568 roboratis
728 2546 745 2568 a
772 2538 822 2568 fe:
850 2547 904 2569 re:
933 2538 1097 2570 Bonifacii
1125 2548 1212 2580 pape
1238 2539 1303 2571 Vlll
1332 2540 1584 2580 predecessoris
1610 2540 1713 2571 nostri
1739 2539 1780 2570 de
1800 2548 1863 2570 una
1883 2541 1915 2570 et
1933 2538 2087 2570 conciliis

264 2598 431 2636 generalis
457 2598 497 2628 de
523 2598 656 2630 duabus
681 2600 791 2636 dietis,
818 2601 1003 2631 dummodo
1030 2611 1094 2632 non
1122 2602 1205 2632 ultra
1232 2604 1310 2638 tres,
1335 2603 1523 2642 ceterisque
1549 2602 1726 2633 contrariis
1745 2601 2016 2641 quibuscumque
2032 2610 2088 2632 ne-

265 2667 435 2698 quaquam
462 2660 689 2697 obstantibus,
716 2662 923 2692 committere
949 2665 979 2693 et
1006 2663 1164 2694 mandare
1190 2664 1334 2703 aliisque
1362 2664 1585 2704 impremissis
1610 2665 1802 2703 opportune
1827 2663 2004 2703 providere
2041 2663 2082 2694 de

266 2720 470 2761 benignitate
496 2723 683 2762 apostolica
711 2723 934 2763 dignaremur.
961 2723 1129 2761 Quocirca
1156 2725 1349 2757 discretioni
1378 2728 1509 2757 vestrae
1536 2734 1595 2766 per
1619 2725 1806 2766 apostolica
1841 2725 1965 2766 scripta
1991 2734 2082 2756 man-

265 2783 396 2820 damus,
422 2786 590 2823 quatenus
617 2794 678 2816 vos
705 2786 756 2816 vel
783 2786 865 2816 alter
890 2788 1037 2817 vestrum
1065 2788 1196 2819 vocatis
1222 2788 1278 2827 qui
1305 2787 1426 2818 fuerint
1452 2781 1597 2819 vocandi
1634 2797 1652 2819 a
1692 2788 1888 2819 iuramentis
1915 2787 2086 2828 praestitis

266 2845 459 2877 huiusmodi
486 2847 632 2878 constito
657 2847 699 2878 de
718 2848 844 2878 enormi
873 2848 1000 2880 lesione
1020 2852 1118 2889 prout
1145 2850 1226 2881 iuris
1251 2849 1349 2881 fuerit
1375 2849 1535 2881 relaxetis
1553 2850 1707 2890 ipsisque
1725 2849 1885 2881 fratribus
1903 2858 2088 2890 eorumque

266 2909 471 2940 monasterio
497 2917 555 2940 seu
582 2909 683 2941 domo
709 2912 846 2942 sanctae
873 2910 1055 2943 Mustiolae
1083 2912 1114 2943 in
1141 2912 1304 2953 integrum
1331 2912 1430 2943 etiam
1457 2914 1555 2952 prout
1581 2912 1704 2944 iustum
1742 2912 1889 2943 extiterit
1925 2911 2088 2943 restitutis

267 2970 462 3010 auditisque
490 2971 682 3003 huiusmodi
710 2973 896 3013 propositis
922 2973 1013 3013 quod
1041 2974 1163 3005 iustum
1190 2973 1288 3006 fuerit
1316 2974 1544 3015 appellatione
1562 2977 1689 3006 remota
1707 2974 1908 3012 decernatis,
1925 2973 2090 3006 facientes
