2305 3407
262 127 323 158 146

258 259 493 300 prerogativis,
519 257 799 295 immunitatibus,
826 256 1023 293 honoribus,
1063 255 1357 293 concessionibus,
1392 255 1569 288 favoribus
1594 257 1626 287 et
1651 254 1778 293 offitiis,
1815 256 1940 296 quibus
1976 257 2075 288 ceteri

259 323 416 354 doctores
441 329 534 353 sacre
560 320 739 361 theologie,
767 320 797 351 in
824 319 1097 360 quibuscumque
1124 317 1421 356 Universitatibus,
1447 316 1576 350 Studiis
1602 316 1827 350 Generalibus
1844 320 1876 350 et
1892 318 1969 350 aliis
1994 318 2077 351 locis

259 384 414 425 promoti,
439 383 481 414 de
508 383 578 414 iure
603 385 634 414 et
660 381 920 418 consuetudine,
959 382 1105 417 utuntur,
1147 380 1320 420 potiuntur
1345 382 1375 411 et
1401 380 1560 421 gaudent,
1601 381 1656 415 uti,
1684 380 1782 421 potiri
1809 382 1840 412 et
1864 381 2012 422 gaudere
2039 381 2076 413 li-

259 447 322 478 cite
347 449 377 478 et
404 446 507 477 libere
534 445 643 486 possit
668 447 699 476 et
726 444 846 480 valeat,
888 443 986 474 etiam
1014 443 1045 473 in
1073 442 1216 483 legendo
1242 444 1272 473 et
1297 443 1464 480 docendo,
1490 443 1686 474 auctoritate
1711 445 1742 474 et
1767 445 1881 475 tenore
1919 444 2078 484 predictis

260 509 493 540 concessimus
520 508 641 548 pariter
666 509 696 538 et
722 506 942 538 concedimus
969 513 1026 545 per
1052 506 1238 545 presentes,
1266 513 1331 536 non
1357 505 1576 537 obstantibus
1615 514 1907 546 quarumcumque
1933 506 2075 538 Univer-

261 571 396 602 sitatum
423 579 481 602 seu
508 568 701 602 Studiorum
728 567 943 600 Generalium
971 570 1001 599 et
1027 567 1168 599 aliorum
1211 566 1360 598 locorum
1401 569 1546 606 statutis,
1582 569 1768 608 ceterisque
1804 569 1980 601 contrariis
2005 570 2079 610 qui-

263 633 474 673 buscumque
502 641 566 663 non
593 631 821 663 obstantibus.
849 629 880 661 ln
907 638 1049 670 quorum
1076 629 1225 661 omnium
1251 632 1282 660 et
1308 629 1516 670 singulorum
1554 631 1653 662 tidem
1680 633 1711 662 et
1737 631 1965 662 testimonium
2004 641 2079 672 pre-

263 696 444 726 missorum
472 697 646 735 presentes
673 693 800 724 litteras
825 693 898 724 sive
924 700 1065 733 presens
1091 692 1263 732 publicum
1291 691 1548 724 instrumentum
1574 693 1644 725 fieri
1670 696 1702 725 et
1728 702 1786 734 per
1825 694 1989 725 notarium
2017 703 2078 735 pu-

263 757 386 788 blicum
413 758 670 788 instrumentum
709 755 878 786 subscribi
905 757 936 786 et
963 754 1126 795 publicari
1167 753 1416 791 mandavimus,
1453 754 1624 795 sigillique
1657 756 1760 787 nostri
1788 757 1950 787 iussimus
1976 759 2007 788 et
2033 756 2081 788 fe-

263 820 370 851 cimus
395 819 605 859 appensione
648 818 859 849 communiri.
901 815 1023 848 Datum
1058 815 1173 857 Papie,
1200 817 1231 847 in
1259 815 1411 847 Ecclesia
1454 815 1696 848 l-leremitarum
1737 819 1844 850 sancti
1887 817 2080 859 Augustini.

263 890 351 913 anno
377 890 395 912 a
421 881 603 912 Nativitate
629 879 764 911 Domini
792 879 971 911 millesimo
998 879 1272 919 quingentesimo
1298 878 1464 919 vigesimo
1489 880 1598 916 sexto,
1617 879 1800 911 indictione
1819 870 2080 920 quartadecima,

264 944 317 975 die
343 944 486 983 septima
513 943 606 980 lunii,
633 943 713 974 hora
740 941 826 973 XVll
852 942 902 973 vel
930 942 1049 977 circha,
1089 940 1312 972 Pontificatus
1349 940 1555 972 sanctissimi
1595 941 1625 971 in
1659 939 1795 973 Christo
1823 941 1931 974 Patris
1956 945 1987 974 et
2014 942 2081 974 Do-

266 1007 342 1037 mini
371 1006 474 1037 nostri
503 1004 637 1036 Domini
665 1003 851 1037 Clementis
876 1004 992 1036 divina
1019 1003 1237 1035 Providentia
1256 1002 1347 1043 Pape
1367 1003 1513 1043 septimi,
1531 1011 1620 1034 anno
1639 1003 1750 1034 tercio.
1770 1003 1998 1043 PresentiuuS,
2017 1007 2080 1036 etc.

1012 1178 1350 1220 DCCCXVII.

356 1290 382 1318 11
409 1290 569 1326 Capitolo
595 1290 629 1318 di
657 1290 691 1318 S.
719 1289 890 1317 Mostiola
916 1289 1037 1325 elegge
1063 1288 1086 1316 il
1113 1288 1359 1316 Procuratore.

894 1385 1058 1415 1526,
1090 1384 1336 1416 giugno‚
1370 1384 1460 1408 22.

761 1483 838 1505 (Arch.
856 1483 936 1503 Notar.
954 1482 975 1503 di
994 1482 1071 1503 Pavia.
1088 1492 1113 1496 —
1130 1482 1177 1502 Atti
1193 1481 1215 1502 di
1233 1481 1284 1502 Pier
1300 1481 1400 1502 Antonio
1421 1481 1598 1507 Carnegrassa).

380 1669 426 1785 I
517 1687 539 1712 Ν
565 1682 769 1713 monasterio
796 1683 911 1712 sancte
938 1680 1101 1712 Mustiole
1128 1679 1264 1720 Papie...
1291 1678 1525 1712 Convocato...
1551 1678 1743 1720 Capitulo...
1770 1680 1811 1711 de
1837 1680 2094 1711 mandatO...re—

539 1745 676 1776 verendi
703 1753 796 1776 sacre
822 1744 992 1785 theologie
1033 1744 1183 1775 doctoris
1223 1743 1349 1775 domini
1388 1744 1539 1784 magistri
1581 1743 1739 1774 Iohannis
1777 1743 1818 1774 de
1856 1741 2093 1784 Cremagnolla

298 1844 311 1845 ἶ
382 1844 388 1845 ⁷
438 1844 506 1845 fij
540 1807 665 1839 prioris
691 1808 769 1838 dicti
797 1807 1003 1845 monasterii,
1031 1807 1062 1838 in
1088 1816 1156 1847 quo
1198 1807 1333 1847 quidem
1375 1806 1556 1847 capitulo...
1583 1805 1749 1837 fuerunt...
1791 1805 1995 1837 reverendus
2032 1805 2092 1836 do-

274 1871 384 1902 minus
422 1873 583 1912 magister
608 1870 900 1911 Michaelangelus
926 1869 967 1901 de
994 1868 1102 1907 Petra,
1129 1868 1169 1900 D.
1195 1870 1295 1900 frater
1321 1867 1432 1900 David
1458 1869 1500 1900 de
1526 1867 1686 1905 Artaldis‚
1713 1866 1753 1899 D.
1778 1867 1880 1899 frater
1896 1865 2041 1900 Carolus
2055 1867 2096 1898 de

273 1932 492 1973 Arigonibus,
518 1933 619 1964 frater
644 1932 811 1964 lohannes
837 1932 1013 1973 gallicus...
1039 1931 1237 1963 facientes...
1265 1931 1342 1971 plus
1368 1939 1468 1971 quam
1495 1931 1582 1962 duas
1608 1932 1720 1970 partes
1746 1930 1850 1961 totius
1876 1930 1955 1961 dicti
1992 1927 2096 1970 Capi-

273 1995 344 2032 tuli,
370 1996 604 2026 costituiScoxzo
625 1997 836 2036 procuratore
861 1994 915 2026 del
939 1996 1097 2026 convento
1124 1993 1289 2034 prefatum
1328 1993 1549 2025 reverendum
1587 2001 1680 2024 sacre
1717 1993 1886 2033 theologie
1923 1992 2093 2024 doctorem

274 2058 448 2088 dominum
476 2058 672 2098 magistrum
700 2057 881 2089 Iohannem
909 2057 950 2088 dc
977 2055 1215 2097 Cremagnolla
1241 2055 1390 2087 Priorem
1409 2053 1470 2095 (1).

332 2214 362 2238 (l)
379 2215 461 2235 L'atto
477 2220 517 2240 per
532 2219 610 2235 errore
625 2214 643 2235 si
660 2216 726 2235 trova
742 2213 775 2235 tra
792 2214 861 2240 quelli
878 2213 914 2235 del
930 2213 1010 2234 notaio
1032 2213 1156 2234 Gerulamo

281 2259 413 2283 (jazzaniga
430 2259 464 2279 nel
481 2264 553 2284 paceo
569 2258 605 2278 dcl
623 2258 680 2279 1526,

334 2303 359 2324 Αἰ
378 2304 400 2323 Η
415 2305 500 2329 agusto
516 2303 537 2323 lo
553 2305 631 2323 stesso
647 2302 756 2328 Capitoli)
772 2303 846 2323 riceve
862 2302 899 2323 dal
919 2302 1009 2323 medico
1031 2302 1090 2323 Gian
1106 2302 1159 2323 Bat-

282 2347 336 2367 tista
354 2347 424 2368 l’oma
441 2353 469 2367 un
486 2352 554 2367 sacco
570 2347 591 2367 di
608 2346 724 2367 frumento
740 2347 818 2371 legato
833 2347 854 2367 al
870 2346 991 2367 Convento
1006 2346 1067 2367 dalla
1082 2346 1105 2366 tu
1117 2346 1159 2367 Ca-

282 2397 376 2412 racossa
392 2391 485 2412 Morbio
500 2391 590 2412 vedova
605 2391 641 2411 del
658 2392 743 2416 pittore
759 2391 853 2416 Ginrgio
869 2391 994 2415 Mangano.
1012 2391 1094 2411 L'atto
1106 2391 1117 2411 'e
1128 2397 1163 2411 ro-

282 2439 337 2461 gato
353 2436 381 2456 da
398 2436 455 2456 Gian
472 2435 615 2456 Bernardino
631 2435 696 2461 Ripa.

336 2480 376 2500 Nel
392 2481 519 2500 settembre
535 2480 548 2500 il
565 2479 686 2500 Convento
712 2479 733 2500 di
756 2479 778 2501 5⁴
797 2479 908 2500 Musti-ua
931 2486 968 2500 era
991 2481 1055 2501 stato
1075 2480 1161 2501 abban-

283 2525 370 2545 dunato
392 2528 420 2545 da
446 2524 512 2550 quasi
538 2524 592 2545 tutti
609 2524 613 2544 i
631 2523 738 2549 Religinsi
755 2530 766 2545 e
783 2524 803 2544 vi
819 2530 923 2545 avevano
948 2530 1017 2550 preso
1041 2525 1160 2550 alloggioi

284 2569 368 2589 soldati
384 2569 516 2594 spagnuolh
532 2574 597 2589 come
613 2569 694 2589 risulta
710 2569 747 2589 dal
763 2571 875 2593 seaucnte
891 2569 1031 2590 documento
1043 2571 1125 2593 rogato
1137 2569 1164 2589 da

285 2614 342 2633 Gian
359 2613 459 2634 Luehino
475 2613 537 2637 Sola,
554 2614 574 2633 in
591 2614 645 2634 data
664 2615 669 2634 1
688 2614 815 2634 settembre
833 2614 896 2635 1526:

338 2657 363 2678 ln
379 2663 435 2678 casa
454 2658 552 2681 Cnueca.
569 2658 592 2678 in
609 2658 752 2679 Parroccma
767 2658 792 2678 rii
807 2657 829 2679 S.
849 2658 1000 2679 Cnlolnbuno.
1018 2658 1166 2679 Reverendus

287 2702 393 2722 dominus
409 2701 479 2722 trater
494 2702 592 2723 Carolus
608 2702 635 2723 de
651 2703 816 2727 Arigonibus...
833 2704 903 2723 irater
915 2703 1036 2728 protessus
1051 2703 1071 2723 iu
1088 2708 1166 2723 mona-

287 2746 358 2766 sterio
374 2749 453 2766 sancte
470 2746 580 2767 Mustiole
598 2746 667 2772 l'apie
684 2747 784 2767 vicarius
799 2749 821 2767 et
838 2750 976 2773 procurator
996 2747 1099 2767 ciusdem
1117 2753 1163 2767 mo—

287 2791 390 2815 nasterii,
407 2796 448 2810 nec
464 2796 508 2810 uun
524 2792 546 2811 et
562 2790 632 2811 trater
649 2791 761 2812 lohannes
777 2792 804 2812 de
821 2791 890 2812 Follis
905 2791 1008 2812 ciusdem
1021 2792 1162 2816 monasterii,

287 2835 399 2856 facientes
414 2837 436 2855 et
453 2837 641 2860 representantes
666 2838 740 2855 toturn
765 2838 787 2856 ct
809 2836 923 2861 integrum
939 2835 1073 2861 Capitulum
1090 2836 1164 2861 ipsius

289 2879 421 2899 monasterii
439 2881 535 2904 propter
549 2880 681 2899 absentiam
706 2880 803 2900 aliorum
820 2880 850 2900 ob
866 2885 962 2905 guerras
978 2886 1037 2901 nuuc
1052 2881 1165 2906 vigentes,

289 2924 396 2944 risolvono
418 2923 448 2944 dn
473 2923 533 2943 Gran
556 2923 623 2947 Lur‘m'
645 2924 754 2948 aniolfi
769 2925 812 2945 lire
828 2925 842 2945 (i
858 2931 869 2945 ι’
885 2925 948 2945 soldi
963 2926 1003 2947 8...
1021 2930 1062 2950 pro
1078 2925 1167 2949 integra

288 2968 407 2988 solucione
423 2968 509 2988 mensis
524 2967 622 2993 Augusti
638 2969 660 2988 ct
676 2968 785 2988 hodierne
801 2968 844 2988 diei
860 2969 1040 2989 contributionis
1060 2969 1164 2989 millitum

291 3013 425 3038 lspanorum
448 3013 621 3037 albergatorum
644 3012 664 3032 in
689 3018 768 3032 corum
792 3012 934 3033 monasterio
950 3012 1051 3038 deipsis
1066 3012 1166 3033 dominis

1212 2212 1323 2233 tratribus
1339 2212 1366 2233 de
1384 2212 1502 2233 Landultis
1518 2217 1558 2238 per
1574 2212 1711 2238 magnificos
1735 2212 1842 2232 dominos
1867 2211 2000 2237 Deputatos
2015 2210 2093 2232 Provi-

1215 2257 1307 2278 xionum
1324 2256 1432 2278 Civitatis
1448 2256 1527 2283 Fame.
1543 2258 1613 2283 prout
1628 2257 1677 2282 ipse
1692 2257 1760 2277 ambe
1770 2259 1849 2282 partes
1858 2256 1945 2282 dicunt,
1954 2255 2094 2277 confitentur

1213 2303 1236 2323 et
1251 2303 1420 2328 protestantur.
1438 2301 1465 2322 Et
1481 2301 1631 2327 ulteriusipsi
1641 2301 1727 2322 domini
1742 2300 1827 2322 tratres
1837 2300 1936 2322 Carolus
1946 2302 1969 2321 et
1980 2300 2093 2321 lohannes

1214 2346 1292 2367 dicunt
1308 2348 1330 2367 et
1347 2347 1508 2372 protestantur
1524 2352 1564 2372 per
1580 2346 1645 2371 ipsos
1661 2345 1768 2366 dominos
1792 2345 1876 2366 tratres
1892 2345 1919 2365 de
1936 2344 2054 2365 Landultis
2069 2344 2090 2364 iu

1218 2390 1280 2412 dlcto
1297 2391 1438 2411 monasterio
1462 2390 1534 2412 tuisse
1556 2390 1658 2416 reposita
1681 2390 1789 2410 nonnulla
1813 2390 1874 2410 bona
1898 2389 2004 2410 utensilia
2019 2388 2093 2414 lignea

1219 2435 1322 2461 ipsorum
1339 2435 1435 2456 fratrum
1452 2435 1480 2456 de
1504 2435 1630 2460 Landullis,
1655 2435 1741 2455 valoris
1765 2436 1885 2455 scutorum
1908 2433 2094 2459 vigintiquinque

1215 2480 1264 2500 auri
1279 2486 1291 2500 a
1308 2479 1365 2500 solie
1389 2481 1412 2500 ct
1436 2479 1508 2500 tuisse
1531 2479 1703 2505 presentialiter
1729 2484 1769 2504 per
1794 2478 1870 2499 dictos
1886 2478 1978 2498 millites
1993 2478 2089 2503 ispanos

1216 2525 1339 2545 combusta
1355 2524 1377 2544 iu
1393 2524 1456 2545 dicto
1467 2524 1617 2549 monasterio,
1634 2525 1656 2544 et
1673 2524 1715 2544 hoc
1725 2529 1766 2549 pro
1775 2523 1940 2544 exoneratione
1951 2527 2029 2543 corum
2041 2527 2094 2542 con—

1220 2569 1316 2589 scientie
1331 2571 1352 2589 ct
1370 2569 1486 2589 mediante
1501 2574 1580 2589 eurum
1597 2569 1726 2589 iuramento
1742 2573 1812 2593 super·
1828 2569 1918 2593 pectus.

1271 2612 1366 2634 Sembra
1383 2613 1438 2639 perii
1454 2613 1494 2634 che
1511 2613 1515 2633 i
1533 2612 1640 2638 Reus—<iusi
1666 2613 1820 2633 ritornasscro
1845 2612 1932 2637 presto,
1955 2611 2048 2637 giacche
2064 2611 2092 2631 da

1222 2664 1250 2678 un
1266 2660 1316 2678 atto
1332 2658 1368 2678 del
1383 2658 1394 2678 7
1411 2658 1535 2682 dicembrc,
1551 2660 1633 2683 rogato
1649 2657 1677 2677 ula
1693 2656 1816 2678 Gerolarno
1832 2656 1972 2681 Gazzaniga,
1996 2661 2094 2681 appren—

1221 2703 1297 2723 diamo
1313 2703 1354 2723 che
1371 2703 1383 2722 il
1399 2702 1507 2728 Cupitolo
1523 2702 1544 2722 di
1561 2702 1582 2722 S⁴
1599 2702 1719 2725 Mostiola,
1735 2702 1858 2726 composto
1880 2700 1916 2720 dcl
1939 2700 2017 2721 Priore
2032 2700 2095 2721 Mac-

1218 2749 1267 2767 stro
1283 2746 1341 2767 irate
1357 2746 1469 2767 Giuvanni
1485 2746 1514 2767 da
1530 2746 1692 2771 Carmagnola,
1708 2745 1743 2766 ‹lel
1760 2745 1850 2766 Vicario
1873 2744 1931 2765 frate
1951 2744 2020 2765 Carlo
2035 2745 2095 2765 Arri-

1219 2792 1279 2817 goni.
1297 2791 1332 2812 del
1348 2791 1453 2812 Maus-tro
1469 2791 1527 2811 irate
1543 2777 1712 2815 Michclangelo
1735 2789 1819 2814 piena,
1835 2789 1871 2810 del
1888 2789 1992 2810 Maestro
2018 2789 2095 2810 Pictro

1219 2836 1247 2856 de
1263 2835 1362 2857 Cancllis
1377 2842 1389 2856 c
1405 2836 1426 2856 di
1442 2835 1500 2856 irate
1511 2835 1624 2856 Giovauni
1640 2834 1662 2854 di
1672 2834 1765 2855 Francia
1782 2834 1896 2854 radunato
1905 2834 1964 2855 nella
1973 2835 2096 2859 sagrestia,

1222 2881 1301 2906 eleggc
1313 2880 1382 2903 ,trare
1408 2879 1475 2901 Carlo
1491 2879 1596 2904 Arriguni
1612 2884 1624 2899 a
1641 2878 1803 2903 Procuratore,
1819 2878 1847 2899 cd
1869 2884 1882 2899 a
1905 2878 2070 2900 Conservatori
2087 2885 2098 2899 e

1222 2924 1312 2945 Giudici
1322 2924 1358 2945 del
1367 2925 1481 2944 convento
1493 2924 1506 2943 il
1519 2923 1609 2944 Vicario
1631 2923 1752 2943 Vescovile
1774 2922 1831 2943 Gian
1857 2923 1919 2949 Luigi
1936 2922 2024 2944 Oarutii
2040 2923 2067 2944 ed
2083 2923 2096 2943 il

1220 2968 1337 2990 Canonico
1354 2968 1456 2994 l-‘ompco
1473 2968 1601 2989 Preottoni.

1275 3013 1300 3033 Αἰ
1319 3013 1342 3033 15
1356 3012 1480 3037 dicembre,
1505 3017 1548 3032 con
1572 3013 1622 3032 atto
1647 3012 1706 3032 dello
1731 3014 1809 3032 stesso
1831 3011 1910 3033 notaio
1926 3011 2065 3038 Gazzaniga,
2081 3012 2094 3032 il
