2305 3407
976 343 1327 383 DCCCXCIV.

323 460 351 487 11
377 459 537 496 Capitolo
563 460 597 488 di
624 460 657 488 S.
684 460 857 495 Agostino
882 460 925 488 da
952 460 1162 488 investitura
1187 465 1354 496 perpetua
1381 461 1437 488 dei
1463 461 1542 488 beni
1568 461 1602 488 di
1629 460 1823 489 Tromello.

855 582 1010 612 1542,

1043 582 1324 611 felss>rae1i09

1356 582 1430 606 10.

780 678 857 699 «Aren.
875 678 955 699 Notar.
972 679 993 698 ili
1011 678 1080 699 l'avia
1098 690 1120 692 ἡ
1138 679 1184 699 Atti
1202 679 1223 699 di
1241 679 1367 703 Ambrogio
1384 679 1477 699 Beictta
1496 696 1498 699 .

304 873 419 987 A

479 889 640 917 DUNATO
665 885 688 916 il
714 884 865 926 Capitolo
891 886 925 916 cii
949 884 982 917 S.
1008 885 1179 924 Ag'oslino,
1207 886 1247 916 de
1275 885 1434 916 mandato
1460 885 1635 916 reverendi
1663 894 1755 916 sacre
1788 886 1957 926 theologie
1984 895 2050 917 ma-

500 948 592 988 gistri
621 948 747 978 domini
775 947 817 978 10.
845 947 996 988 Baptiste
1021 948 1062 978 de
1089 947 1231 978 Firmo...
1260 946 1395 985 prioris,
1421 948 1452 978 in
1478 948 1530 978 cai
1554 948 1738 978 trovoronsi
1760 947 1864 978 anche
1891 948 2049 988 magister

501 1009 620 1041 Petrus
634 1010 675 1041 de
690 1008 850 1047 Canellis,
866 1010 1025 1049 magister
1051 1008 1237 1050 Gregorius
1255 1010 1295 1040 de
1314 1008 1552 1051 Carmagnolia
1573 1018 1703 1050 regens,
1723 1012 1817 1049 pater
1836 1010 2049 1041 baclialarius

232 1072 334 1105 frater
359 1073 561 1105 Fortunatus
587 1074 792 1113 procurator,
819 1071 917 1102 frater
943 1071 986 1102 lo.
1013 1071 1224 1112 Augustinus
1242 1073 1283 1103 (le
1303 1071 1452 1103 Arimino
1479 1073 1589 1109 lector,
1608 1072 1708 1103 frater
1726 1071 1885 1112 Orpheus
1911 1072 1951 1103 de
1970 1072 2050 1103 Ver-

232 1135 326 1167 cellis
350 1136 519 1176 subprior,
544 1135 645 1171 frater
670 1133 856 1174 Gregorius
882 1135 923 1166 de
950 1134 1115 1166 Veruculo
1143 1135 1300 1175 magister
1325 1135 1439 1171 studii,
1477 1134 1577 1166 trater
1602 1133 1857 1165 Bertliolameus
1885 1135 2050 1174 hispanus

230 1206 357 1235 cursor,
382 1198 482 1229 frater
508 1197 652 1229 Mieliael
679 1197 720 1228 de
747 1196 865 1229 Padua
891 1206 1017 1234 cursor⁷
1043 1196 1144 1228 frater
1170 1196 1362 1228 Alexander
1388 1197 1428 1228 (le
1455 1197 1555 1228 lanua
1580 1205 1707 1234 cursor,
1733 1196 1833 1227 frater
1851 1196 2049 1228 Laurentius

231 1260 272 1291 de
299 1259 415 1301 Papia,
442 1260 541 1292 frater
568 1260 708 1291 lacobus
735 1260 775 1290 de
803 1259 918 1300 Papia,
944 1259 1044 1290 frater
1070 1259 1252 1300 Angelicus
1279 1260 1319 1290 de
1346 1259 1497 1296 Mantua,
1539 1259 1638 1290 frater
1666 1259 1881 1302 Hieronimus
1907 1259 1947 1289 de
1975 1259 2050 1290 Ma-

231 1322 316 1359 Sino,
342 1322 443 1354 frater
469 1323 510 1353 lo.
537 1321 674 1354 Gabriel
702 1323 742 1353 de
769 1321 1020 1362 Carmagnolia,
1046 1321 1148 1352 frater
1174 1321 1341 1353 Antonius
1368 1322 1408 1353 de
1435 1321 1569 1357 Trevio,
1607 1321 1707 1352 frater
1745 1321 1787 1352 lo.
1815 1321 1983 1352 Antonius
2009 1322 2049 1352 de

232 1384 440 1422 Mediolano,
466 1384 567 1416 trater
594 1384 807 1425 Augustinus
833 1385 874 1415 de
902 1383 1016 1424 Papia,
1043 1383 1240 1415 facientes...
1266 1384 1335 1415 tere
1362 1386 1467 1415 totum
1494 1385 1605 1424 ipsum
1632 1383 1827 1423 capitulum,
1852 1384 1882 1414 si
1905 1383 2050 1414 delibero

231 1446 265 1478 cii
288 1447 464 1478 concedere
488 1448 679 1478 Investitrzro
701 1449 859 1487 perpetuo
885 1456 904 1477 n
931 1446 1009 1478 Pier
1030 1446 1172 1478 Antonio
1191 1447 1341 1477 Frassini
1365 1446 1406 1477 ed
1429 1455 1449 1477 a
1475 1446 1644 1477 Bernordo
1663 1446 1805 1483 Monico,
1823 1445 1858 1476 di
1879 1445 2047 1481 Tromello,

231 1508 266 1539 cii
288 1509 362 1540 tutti
384 1509 395 1540 i
419 1508 494 1540 beni
517 1509 571 1540 ciel
594 1510 752 1540 convento
770 1509 801 1540 in
819 1508 895 1548 quei
919 1508 1018 1547 luogo
1040 1516 1101 1548 per
1123 1508 1179 1539 lire
1208 1509 1248 1539 IO
1271 1508 1433 1548 imperiali
1456 1508 1612 1538 oll'nnno
1638 1508 1672 1538 di
1696 1516 1803 1538 censo.
1829 1507 1925 1538 Nello
1944 1509 2050 1537 stesso

227 1570 345 1609 gi0rno
369 1572 399 1602 si
416 1570 457 1612 fo
482 1571 506 1602 il
529 1571 672 1602 secondo
698 1572 853 1609 trclttc1t03
880 1570 903 1602 il
927 1572 1015 1601 terzo
1041 1579 1057 1601 e
1083 1570 1101 1601 Γ
1117 1571 1308 1601 investitura
1333 1570 1386 1601 nel
1406 1571 1524 1609 giorno
1550 1571 1705 1609 segzrente
1734 1569 1748 1600 I
1757 1570 1771 1600 I
1797 1568 1947 1607 febbroio
1966 1566 2027 1607 (1).

986 1780 1311 1821 DCCCXCV.

320 1899 347 1926 11
374 1899 556 1927 Convento
581 1900 615 1927 di
642 1900 676 1927 S.
705 1899 873 1927 Mostiola
899 1899 943 1926 da
970 1899 1003 1926 in
1029 1899 1142 1926 affitto
1167 1908 1212 1926 un
1237 1903 1376 1927 terreno
1403 1899 1436 1926 in
1461 1898 1649 1926 Stradella.

882 2021 1036 2050 1642,

1069 2021 1269 2052 lmuino,

1302 2020 1392 2045 26.

780 2118 857 2138 lArcli.
876 2118 956 2138 Notar.
974 2118 995 2138 di
1014 2117 1084 2138 Pavia
1101 2129 1125 2131 —
1141 2118 1190 2138 Atti
1206 2118 1227 2137 di
1245 2117 1356 2138 oiacomo
1373 2118 1500 2139 Francann,

249 2399 251 2409 ,
341 2312 384 2425 Ι

480 2329 503 2355 Ν
528 2324 675 2355 claustro
716 2324 860 2354 interiori
904 2323 1096 2354 monasterii
1123 2323 1230 2354 sancti
1257 2322 1435 2363 Augustini
1463 2323 1494 2353 in
1521 2320 1721 2354 Citadella...
1749 2321 1966 2354 Reverendus
1992 2321 2052 2352 do-

503 2387 613 2417 minus
638 2386 738 2417 frater
764 2385 806 2416 lo.
834 2385 986 2426 Baptista
1013 2385 1053 2416 de
1080 2384 1189 2415 Firmo
1216 2383 1310 2415 Prior
1335 2385 1612 2415 monasteriorum
1651 2386 1843 2415 sanctornm
1871 2383 2049 2424 Augustini

249 2412 251 2485 1
502 2452 532 2481 et
558 2449 719 2480 Mustiole
746 2448 850 2489 Papie
876 2450 906 2479 et
931 2448 1090 2479 dominus
1116 2447 1216 2478 frater
1242 2447 1445 2478 Fortunatus
1470 2447 1511 2477 de
1538 2445 1670 2478 Cerano
1696 2447 1850 2477 sindicus
1876 2448 1906 2477 et
1932 2455 2052 2486 procu-

235 2514 322 2543 rator
347 2513 512 2543 dictorum
540 2512 853 2542 monasteriorum...
880 2513 909 2542 et
936 2511 1095 2541 dominns
1121 2509 1222 2540 frater
1248 2508 1384 2541 Roclius
1410 2509 1451 2540 de
1477 2507 1688 2549 Camayrana
1723 2508 1876 2539 Vicarius
1902 2508 1933 2538 in
1960 2508 2049 2539 dicto

291 2679 320 2701 (1)
336 2678 361 2698 Ai
380 2679 402 2699 19
416 2679 501 2703 agusto
517 2678 552 2698 del
571 2678 628 2701 1542,
645 2678 665 2698 in
683 2683 711 2698 un
733 2679 784 2697 atto
800 2677 820 2697 di
838 2677 941 2697 riccruta
964 2675 1071 2696 d'atiitm
1088 2675 1108 2695 di

239 2722 327 2743 henim
345 2722 500 2743 Predamasco
525 2722 560 2743 del
585 2722 735 2747 Siccomario,
761 2723 843 2747 rog-'ito
866 2721 894 2741 «111
911 2720 1052 2741 Alcssmidro
1069 2720 1117 2740 1³0!-

240 2767 307 2792 perti,
323 2767 336 2786 il
352 2766 461 2792 Capitolo
476 2766 497 2786 di
520 2766 542 2787 S.
559 2766 681 2791 Agostino,
706 2766 808 2786 oltrccli'e
825 2765 860 2785 del
878 2765 955 2785 l‘riore
982 2764 1039 2785 irate
1056 2764 1113 2785 Gran

240 2810 340 2831 Battista
357 2811 385 2831 da
401 2811 490 2836 Formo,
507 2811 517 2831 e
533 2812 658 2836 composti)
673 2810 708 2831 dei
726 2810 834 2835 Religinsi
858 2810 969 2835 magister
986 2809 1068 2830 l‘etrus
1084 2809 1112 2829 ilc

239 2854 348 2880 Canellis,
365 2856 474 2881 magister
489 2855 651 2881 Sigismondus
666 2855 693 2875 dc
705 2855 847 2880 Mediolano,
864 2854 973 2879 magister
989 2854 1114 2879 Gregorius

240 2899 268 2920 dc
284 2899 436 2925 earnmgnola
461 2905 550 2925 regens,
576 2899 646 2920 irater
671 2900 813 2920 Fortunatus
838 2898 985 2919 baelialarins
1001 2898 1112 2921 sindicus,

241 2943 311 2964 frater
327 2943 431 2964 Valerius
446 2943 474 2964 de
489 2943 598 2968 Anglario
613 2944 694 2969 lector,
710 2943 780 2964 frater
796 2943 893 2969 lpolitus
904 2943 932 2963 de
945 2942 1114 2963 l’enabillornni

241 2988 352 3013 magister
375 2988 455 3013 studii,
480 2987 551 3008 frater
575 2988 737 3009 Bertolameus
761 2988 857 3014 ispanus
882 2992 970 3012 cursor,
986 2986 1057 3007 frater
1073 2986 1115 3006 Mi-

240 3032 305 3053 cliacl
321 3032 348 3053 dc
365 3032 443 3053 Patina
459 3038 548 3058 cursor,
564 3032 634 3053 frater
651 3032 759 3053 Nicolaus
775 3032 802 3053 de
820 3032 899 3057 Papia,
924 3031 995 3052 trater
1012 3031 1115 3056 l'liilipns

1165 2675 1193 2695 tle
1210 2674 1352 2698 Mediolano,
1378 2673 1449 2694 frater
1472 2673 1575 2695 Rubinus
1601 2674 1629 2694 dc
1654 2673 1824 2694 Montelortnio
1843 2676 1864 2694 ct
1881 2673 1951 2694 trater
1970 2673 2046 2699 Angu-

1172 2719 1247 2739 stinns
1263 2719 1291 2739 de
1308 2718 1388 2743 Papia.

1222 2763 1247 2784 Αἰ
1263 2763 1276 2783 6
1291 2763 1312 2783 di
1329 2763 1465 2787 settembre,
1481 2762 1502 2783 in
1519 2768 1548 2783 un
1564 2762 1624 2783 altro
1646 2764 1696 2783 atto
1712 2762 1733 2782 di
1751 2762 1853 2783 ricevuta
1878 2761 1995 2787 d'aliitto,
2012 2768 2047 2781 ro-

1168 2810 1224 2833 gato
1240 2807 1268 2827 da
1284 2807 1411 2827 Tominaso
1436 2806 1566 2831 Quaresnii,
1583 2807 1698 2827 trovissmo
1710 2807 1751 2827 elic
1767 2806 1787 2827 ia
1805 2807 1915 2832 partcdcl
1938 2806 2046 2832 Capitolo

1169 2853 1241 2873 anclic
1257 2852 1328 2872 trater
1343 2851 1464 2872 Cornelius
1480 2851 1507 2871 de
1524 2851 1649 2872 placentin.

1222 2897 1247 2917 Ai
1266 2897 1289 2917 10
1304 2896 1430 2917 novembre
1446 2896 1467 2916 in
1484 2901 1513 2916 un
1529 2897 1580 2916 anu
1604 2895 1772 2916 d'invcsniura
1799 2896 1910 2921 perpetua
1928 2895 1949 2915 di
1965 2900 2018 2915 case
2034 2901 2045 2915 c

1171 2944 1230 2962 terre
1246 2941 1267 2961 in
1283 2940 1396 2962 casoraie
1411 2946 1423 2961 a
1440 2940 1498 2961 Gian
1515 2940 1604 2966 Filippo
1622 2940 1710 2965 l'ionni,
1735 2942 1818 2965 rogato
1834 2940 1861 2960 da
1878 2940 1935 2960 (Ξῖ-Ἧι
1952 2939 2046 2959 Bernar-

1170 2986 1224 3006 dino
1240 2985 1299 3006 della
1316 2985 1381 3010 Ripa,
1398 2985 1505 3005 vediamo
1521 2983 1554 3004 tar
1571 2986 1636 3010 parte
1652 2984 1688 3005 dcl
1705 2984 1814 3009 Capitulo
1829 2984 1901 3004 antlic
1917 2983 1987 3003 irater
2003 2983 2047 3003 Au-

1171 3030 1241 3050 relius
1257 3029 1285 3050 de
1301 3029 1434 3050 Corinnldo.
