2305 3407
1957 212 2017 243 133

203 348 362 379 omnibus
387 347 524 388 depingi
551 348 582 377 et
607 346 755 377 construi
793 346 919 377 faciant
957 354 1014 386 per
1052 355 1152 376 unum
1181 346 1304 376 bonum
1331 347 1362 376 et
1389 344 1575 385 perfectum
1614 344 1814 385 Magistrum
1843 345 1872 375 in
1901 346 2019 386 depin-

204 410 326 451 gendO,
351 412 382 441 et
407 418 482 441 cum
509 409 619 446 bonis,
645 408 783 448 optimis
809 410 840 439 et
867 407 1025 448 perfectis
1051 408 1236 439 colloribus
1262 410 1293 438 et
1317 416 1390 438 cum
1418 416 1499 438 auro
1524 409 1555 438 et
1581 408 1725 438 azzurlio
1760 407 2018 447 perfectissimo,

206 472 370 512 expensis
396 474 504 502 tamen
532 470 695 501 bonorum
723 470 832 501 dictae
859 470 1087 501 haereditatis.

294 534 370 565 ltem
397 535 429 565 et
453 534 551 564 etiam
577 532 618 563 ad
646 532 714 563 tieri
753 531 944 563 faciendum
986 533 1150 572 expensis
1192 532 1356 562 bonorum
1385 531 1493 571 ipsius
1519 531 1746 562 codicillantis
1773 534 1805 562 ut
1833 541 1935 572 supra
1963 542 2020 572 pa-

207 597 292 627 leum
320 604 420 626 unum
448 595 548 626 veluti
575 594 616 625 ad
644 594 767 625 dictum
795 594 907 629 altare,
936 594 1115 634 planetam,
1141 594 1330 629 tunicellas,
1368 593 1517 634 pivialle,
1558 594 1671 624 omnia
1710 594 1824 631 veluti,
1864 595 2018 630 tovalias,

207 661 238 690 et
263 658 463 699 generaliter
500 657 611 687 omnia
636 656 701 687 alia
729 657 920 687 necessaria
948 665 1007 696 pro
1034 665 1095 687 usu
1122 658 1153 687 et
1178 656 1417 687 cellebratione
1459 655 1642 686 Missarum
1669 658 1700 687 et
1727 656 1964 696 Vesperarum,
1991 659 2022 688 et

208 722 290 752 haec
316 721 427 751 omnia
454 719 685 759 suprascripta
712 718 794 749 intra
821 728 928 749 annos
969 722 1034 749 tres
1073 718 1265 749 immediate
1302 720 1484 757 sequentes
1523 720 1600 757 post
1638 719 1776 749 mortem
1820 719 1928 759 ipsius
1955 717 2020 750 Co-

206 783 388 814 dIcillantis
413 782 655 822 consignentur
682 780 878 813 Reverendo
906 780 943 811 D.
972 780 1077 811 Priori
1116 780 1193 811 dicti
1234 780 1445 817 Monasterii,
1484 788 1587 820 penes
1626 789 1724 819 quem
1753 781 1823 811 vult
1851 782 2022 820 praedicta

206 845 436 885 suprascripta
463 843 622 874 remaneri
650 843 782 874 debere.

297 906 375 937 ltem
402 906 554 946 gravavit
580 907 611 936 et
637 908 754 945 gravat
781 906 853 945 ipse
880 904 918 936 D.
947 905 1110 945 Magister
1135 903 1283 936 Cosmus
1301 904 1500 935 codicillans
1526 905 1635 935 dictos
1661 905 1734 935 eins
1761 905 1923 936 haeredes
1954 906 2026 936 uni-

208 968 357 1000 versales
383 968 425 999 ad
451 968 599 998 dandum
626 969 657 998 et
682 967 906 998 traddendum
935 967 965 997 in
992 967 1127 1007 singulo
1153 966 1240 997 festo
1267 965 1299 998 S.
1327 966 1462 997 Martini
1490 967 1670 997 cuiuslibet
1697 967 1786 1001 anni,
1828 967 2022 1007 incipiendo

209 1032 239 1062 in
265 1030 352 1062 festo
378 1029 410 1062 S.
438 1030 573 1061 Martini
601 1030 790 1060 immediate
818 1031 1003 1069 sequuturo
1020 1031 1096 1069 post
1123 1030 1260 1060 mortem
1278 1029 1386 1069 ipsius
1413 1027 1452 1059 D.
1481 1028 1634 1069 Magistri
1655 1027 1770 1060 Cosmi
1791 1029 2026 1064 codicillantis,

208 1102 318 1124 vener.
346 1091 385 1123 D.
412 1093 495 1132 patri
523 1090 607 1132 Syro
633 1092 674 1122 de
700 1090 1001 1126 Casalebeltramo,
1027 1091 1250 1122 Novariensis
1277 1090 1444 1127 Diocesis,
1482 1091 1701 1122 commoranti
1730 1092 1759 1121 in
1787 1092 1876 1122 dicto
1903 1092 2024 1123 Mona-

207 1156 310 1187 sterio
337 1153 368 1187 S.
396 1153 489 1185 Pauli
516 1162 659 1194 cappam
687 1162 786 1184 unam
814 1153 891 1184 boni
917 1155 948 1184 et
974 1154 1029 1184 fini
1046 1154 1147 1193 panni
1176 1153 1311 1190 brunae,
1339 1162 1424 1193 quae
1440 1153 1514 1184 sita
1531 1156 1663 1193 portare
1691 1154 1801 1193 ipsius
1828 1153 1867 1185 D.
1903 1154 2025 1185 Fratris

209 1217 293 1259 Syri,
319 1226 392 1248 cum
434 1217 570 1257 caputio
611 1216 833 1247 eiusdemmet
875 1216 987 1255 panni,
1013 1218 1044 1246 et
1071 1216 1133 1247 hoc
1159 1224 1272 1246 amore
1314 1215 1374 1246 Dei
1402 1218 1432 1246 et
1457 1216 1554 1246 etiam
1582 1216 1626 1245 ob
1652 1217 1788 1247 servitia
1826 1217 2023 1256 quotidiana

210 1281 319 1321 ipsum
347 1279 386 1311 D.
412 1279 545 1310 fratrem
584 1277 703 1319 Syrum
745 1278 832 1309 facta
870 1278 934 1318 ipsi
972 1276 1188 1310 Codicillanti
1216 1280 1247 1308 et
1273 1278 1419 1309 familiae
1458 1287 1549 1314 suae,
1576 1280 1607 1309 et
1634 1279 1697 1309 lioc
1734 1280 1843 1309 tamen
1886 1279 2026 1310 durante

209 1343 277 1374 vita
302 1345 429 1373 tantum
457 1342 565 1382 ipsius
592 1340 630 1372 D.
657 1341 768 1372 fratris
794 1339 878 1382 Syri.

299 1405 376 1437 Item
404 1405 520 1443 voluit,
547 1404 655 1441 iussit,
682 1404 853 1444 disposuit
878 1405 909 1434 et
935 1404 1116 1441 ordinavit,
1142 1411 1180 1434 ac
1208 1402 1287 1440 vult,
1315 1402 1416 1440 iubet,
1443 1403 1594 1443 disponit
1624 1405 1654 1434 et
1684 1403 1923 1443 ordinatquod
1943 1412 2023 1435 casu

210 1477 277 1508 quo
304 1477 362 1508 per
388 1466 559 1507 praefatos
585 1465 658 1497 DD.
686 1465 834 1497 Priorem
861 1467 891 1496 et
919 1465 1049 1496 Fratres
1075 1463 1107 1496 S.
1135 1464 1230 1496 Pauli
1257 1465 1478 1505 suprascripti
1518 1474 1583 1496 non
1625 1465 1886 1497 cellebrarentur
1912 1467 2025 1497 divina

209 1530 320 1561 otticia
346 1531 377 1561 et
402 1529 467 1560 alia
506 1529 598 1559 iuxta
635 1530 790 1559 contenta
829 1528 860 1559 in
898 1528 988 1559 dicto
1026 1527 1162 1568 Legato,
1201 1527 1290 1558 facto
1329 1527 1490 1567 praefatis
1528 1526 1566 1558 D.
1595 1526 1699 1558 Priori
1726 1529 1757 1558 et
1782 1527 1944 1559 fratribus
1970 1537 2027 1568 per

211 1593 321 1633 ipsum
348 1591 388 1623 D.
414 1590 684 1628 Codicillantem,
710 1593 741 1622 et
767 1590 925 1630 loquente
962 1590 1003 1621 de
1040 1589 1279 1621 cellebratione
1318 1590 1496 1621 missarum
1524 1592 1555 1621 et
1581 1589 1781 1624 officiorum,
1808 1590 1892 1630 ipsis
1918 1592 2026 1621 tamen

207 1653 434 1685 existentibus
460 1653 645 1684 satisfactis
671 1661 688 1684 a
715 1652 814 1684 dictis
840 1653 914 1684 eius
940 1652 1156 1690 haeredibus,
1184 1652 1274 1692 quod
1302 1661 1342 1683 eo
1369 1653 1400 1683 in
1427 1661 1507 1683 casu
1549 1654 1778 1692 exequutores
1804 1653 1877 1683 eius
1892 1653 2027 1684 ultimae

209 1716 403 1754 voluntatis,
430 1716 590 1756 descripti
618 1716 648 1746 in
675 1715 765 1746 dicto
791 1717 1004 1753 testamento,
1020 1716 1153 1755 possint
1179 1717 1210 1746 et
1236 1715 1370 1746 valeant
1385 1714 1556 1755 praefatos
1575 1713 1648 1745 DD.
1664 1713 1810 1745 Priorem
1837 1716 1867 1746 et
1887 1714 2027 1753 Fratres,

207 1788 245 1810 ac
271 1779 396 1809 dictum
423 1778 668 1809 Monasterium
708 1777 831 1818 privari
858 1777 948 1808 dicto
975 1777 1095 1818 legato,
1122 1780 1152 1809 et
1177 1786 1217 1808 eo
1245 1778 1275 1808 in
1302 1786 1384 1809 casu
1411 1786 1449 1808 ea
1475 1776 1587 1808 officia
1624 1779 1655 1808 et
1694 1777 1818 1808 missas
1854 1777 2027 1808 cellebrari

206 1840 314 1872 facere
342 1849 400 1880 per
425 1839 585 1871 venerab.
612 1838 685 1870 DD.
713 1838 844 1870 Fratres
870 1837 902 1870 S.
931 1838 1051 1877 lacobi,
1078 1841 1177 1879 prout
1203 1840 1234 1870 in
1261 1839 1351 1870 dicto
1389 1840 1590 1870 testamento
1627 1839 1828 1876 continetur,
1865 1841 1895 1870 et
1928 1840 2027 1871 etiam

207 1903 443 1934 emolumentis
470 1911 528 1933 seu
555 1901 752 1933 elemosinis
791 1902 822 1932 in
860 1901 950 1932 dicto
988 1901 1112 1942 Legato
1138 1901 1318 1939 contentis,
1344 1903 1375 1932 et
1401 1909 1483 1932 casu
1511 1910 1579 1941 quo
1605 1901 1770 1940 praedicti
1798 1900 1871 1932 DD.
1900 1901 2031 1932 Fratres

208 1963 241 1997 S.
269 1964 380 1995 iacobi
408 1964 534 1995 nollent
559 1964 648 1995 dicta
674 1964 790 1994 divina
816 1963 926 1994 officia
953 1966 984 1995 et
1010 1964 1134 1995 missas
1159 1963 1352 2001 cellebrare,
1380 1963 1490 1994 modis
1515 1965 1546 1994 et
1571 1963 1688 1994 formis
1715 1963 1907 2003 praedictis,
1933 1964 2025 2003 quod

207 2036 247 2058 eo
274 2027 305 2057 in
331 2035 412 2057 casu
440 2026 602 2066 praedicti
629 2028 858 2066 exequutores
884 2027 1019 2066 possint
1044 2028 1076 2058 et
1102 2026 1236 2057 valeant
1262 2026 1351 2056 dicta
1377 2025 1492 2056 divina
1518 2024 1629 2056 officia
1655 2027 1686 2056 et
1712 2025 1836 2056 missas
1854 2025 2026 2056 cellebrari

205 2088 313 2120 facere
341 2097 399 2129 per
425 2088 582 2119 venerab.
610 2087 682 2119 DD.
710 2088 842 2120 Fratres
868 2087 900 2120 S.
928 2087 1014 2120 Petri
1042 2089 1072 2119 in
1099 2086 1205 2120 Coelo
1230 2097 1334 2119 aureo
1359 2089 1390 2119 et
1416 2086 1447 2119 S.
1476 2087 1656 2127 Augustini
1688 2085 1973 2119 Conventualium
1993 2087 2023 2117 in

207 2149 388 2188 Citadella,
415 2153 446 2181 et
472 2159 545 2181 cum
572 2151 811 2182 emolumentis
837 2160 895 2182 seu
922 2151 1128 2187 elemosinis,
1154 2150 1195 2181 de
1221 2149 1347 2190 quibus
1373 2149 1404 2180 in
1431 2149 1521 2180 dicto
1549 2148 1778 2180 Testamento.

295 2237 466 2243 ......
495 2211 737 2243 Praesentibus
763 2212 1022 2244 Venerabilibus
1048 2211 1297 2243 DD.fratribus
1322 2211 1364 2242 lo.
1393 2211 1501 2242 Maria
1527 2212 1557 2242 et
1583 2210 1779 2242 Alexandro
1798 2211 1966 2242 ambobus
1984 2211 2024 2241 de

207 2275 322 2315 Papia,
348 2273 447 2305 fratre
475 2273 635 2314 Angelico
661 2275 701 2305 de
727 2273 859 2311 Crema,
885 2274 985 2305 tratre
1012 2274 1055 2305 lo.
1083 2273 1230 2305 Antonio
1264 2274 1305 2305 de
1343 2272 1474 2309 Crema,
1499 2273 1599 2305 fratre
1637 2272 1808 2305 Clemente
1833 2273 1890 2304 'de
1914 2271 2025 2313 {Ripa

206 2337 305 2369 tratre
332 2337 476 2379 Agapito
514 2338 555 2368 de
588 2336 760 2374 Vercellis,
803 2336 901 2368 tratre
943 2336 1054 2367 Lucha
1080 2336 1120 2367 de
1148 2335 1310 2373 Romsco,
1343 2336 1502 2367 omnibus
1539 2335 1699 2367 fratribus
1735 2335 2025 2366 commorantibus

207 2401 237 2432 in
263 2401 354 2432 dicto
381 2400 589 2432 Monasterio
616 2398 648 2431 S.
676 2398 769 2430 Pauli
796 2399 941 2430 testibus
968 2424 1107 2429 .....

293 2462 363 2504 Ego
390 2462 589 2494 Laurentius
613 2462 654 2493 de
681 2460 881 2493 Canevariis
907 2461 996 2492 filius
1022 2460 1199 2501 quondam
1226 2459 1266 2491 D.
1294 2459 1539 2491 Bettholomaei
1560 2460 1719 2500 publicus
1742 2460 1917 2500 papiensis
1942 2468 2024 2500 apo-

205 2525 325 2557 stolica
350 2527 382 2557 et
408 2525 570 2565 imperiali
597 2524 855 2556 auctoritatibus
881 2524 1076 2554 notarius...
1094 2520 1154 2561 (1).

262 2691 291 2715 (1)
306 2692 347 2712 Fra
363 2691 392 2717 gli
407 2691 450 2712 atti
466 2691 501 2711 del
518 2691 597 2711 notaio
613 2690 670 2711 Gian
687 2690 766 2711 Nicola
782 2689 899 2714 Beccaria.
916 2689 936 2710 in
953 2689 1007 2709 data
1021 2690 1027 2709 l
1041 2690 1087 2709 set-

210 2736 298 2757 tembre
316 2736 373 2761 1524,
389 2735 497 2756 abbiamo
526 2735 539 2755 11
565 2736 708 2756 testamento
732 2735 757 2755 di
780 2734 875 2755 Andron
900 2734 1012 2758 Arrieom'
1034 2734 1082 2758 che,

209 2780 302 2806 aliquali
318 2779 451 2801 infirmitate
467 2780 587 2800 oculorum
612 2779 730 2804 detentus,
750 2778 901 2799 considerans
923 2780 1016 2803 tempus
1041 2783 1080 2803 pe-

210 2824 334 2845 riculosum
351 2829 404 2845 esse
419 2825 516 2850 propter
531 2826 622 2849 pestem
647 2823 675 2844 de
700 2828 745 2848 qua
771 2825 796 2844 ut
820 2823 905 2844 dicitur
931 2824 1022 2843 mortua
1044 2824 1079 2842 est

208 2867 315 2890 Sebeiina
344 2868 394 2889 eius
422 2874 515 2889 uxor....
544 2868 643 2893 dispone
665 2868 728 2894 quod
750 2868 801 2888 eius
824 2867 925 2888 cadaver
952 2867 1081 2892 sepeliatur

207 2913 229 2933 et
245 2912 344 2937 sepeliiri
366 2911 451 2933 debeat
471 2911 501 2932 ad
524 2912 644 2933 ecclesiam
669 2911 742 2932 sancti
759 2911 823 2932 Pauli
839 2913 903 2932 extra
919 2911 993 2931 menia
1010 2910 1080 2936 Papie

209 2957 231 2977 et
247 2956 295 2977 vult
319 2957 398 2977 vestiri
422 2956 506 2977 debere
530 2962 581 2977 cum
604 2956 654 2977 eius
676 2962 751 2982 cappa
774 2956 983 2982 disciplinatorum,
1009 2961 1078 2981 quam

208 3000 266 3022 dixit
281 3002 304 3022 et
320 3001 374 3022 dicit
390 3001 452 3027 quod
469 3001 575 3022 mittatur
589 3001 694 3027 accipere
709 3000 739 3022 ad
755 3001 806 3022 eius
821 3001 908 3022 scolam
931 3000 1039 3021 videlicet
1054 3000 1084 3020 ad

1141 2690 1247 2709 sanctum
1265 2688 1372 2711 Lucham.
1390 2688 1428 2708 uhi
1445 2688 1469 2709 tit
1486 2693 1578 2713 semper
1594 2688 1745 2713 congregatio
1760 2693 1810 2708 sua.
1836 2688 1920 2708 Lascin
1988 2689 2017 2709 Ic-

1136 2734 1193 2758 gnto
1209 2733 1241 2753 ml
1255 2733 1390 2754 Elisubetto
1406 2732 1519 2757 Arrigonr
1534 2739 1576 2753 smi
1589 2733 1660 2758 sigliu
1672 2739 1683 2753 c
1699 2733 1785 2757 moene
1801 2733 1839 2753 del
1852 2733 1941 2758 pitture
1957 2732 2015 2758 Ago-

1134 2778 1198 2798 suno
1214 2777 1300 2801 Rossi:
1317 2777 1346 2798 ed
1406 2778 1470 2798 altro
1492 2778 1572 2803 legato
1594 2777 1626 2798 ad
1647 2783 1694 2798 urm
1710 2779 1823 2800 scrut-nte,
1841 2783 1852 2797 e
1868 2777 1888 2797 iu
1906 2777 2014 2797 omnibus

1134 2823 1212 2842 autem
1229 2822 1279 2842 eius
1295 2822 1388 2842 bonis...
1405 2821 1558 2843 instituitsibi
1569 2822 1666 2842 licrcdcs
1678 2821 1821 2842 universales
1837 2827 1918 2842 omnes
1933 2821 2017 2841 iratres

1137 2866 1270 2886 monasterii
1287 2866 1360 2886 sancti
1378 2865 1441 2887 Pauli
1466 2866 1559 2887 Ordinis
1581 2866 1655 2887 sancti
1679 2866 1801 2891 Augustini
1818 2865 1846 2886 de
1861 2865 2014 2886 Obscrvantia

1135 2911 1200 2936 ipsos
1216 2916 1256 2931 ore
1272 2910 1367 2936 proprio
1383 2910 1531 2935 nominando,
1542 2910 1655 2931 dicendo:
1709 2910 1736 2937 so
1751 2911 1769 2931 [
1781 2910 1843 2936 frati
1858 2910 1886 2931 de
1901 2910 1924 2930 S.
1941 2909 2015 2930 Paulo

1134 2960 1186 2980 moy
1201 2955 1282 2975 heredi
1296 2955 1434 2975 universali.
