2305 3407
1951 144 2016 175 259

202 279 293 320 quod
321 280 351 311 in
377 287 458 310 casu
495 277 782 309 contraventionis
820 276 870 307 vel
908 275 1187 308 contrafactionis
1225 275 1333 306 locum
1372 285 1437 306 non
1476 275 1597 307 habeat
1635 285 1720 315 pena
1759 276 1843 317 legis
1880 276 1916 309 Si
1948 278 2022 316 quis

201 343 314 378 moror,
341 341 451 381 capite
476 340 527 371 De
552 338 838 375 transactionibus,
876 338 927 369 vel
954 338 1067 377 aliqua
1093 337 1158 368 alia
1185 346 1282 377 pena,
1309 337 1369 368 sed
1396 338 1520 368 dictum
1549 338 1770 369 iuramentum
1797 341 1954 378 operetur
1990 341 2021 370 et

200 413 299 436 suum
325 403 482 435 sortiatur
505 401 659 433 effectum
696 400 738 431 ad
777 400 935 431 maiorem
974 399 1183 430 validitatem
1209 402 1240 430 et
1266 399 1575 431 corroborationem
1615 401 1782 440 presentis
1819 404 2020 437 contractus,

201 475 260 497 nec
287 466 451 496 incurrere
478 463 610 504 possint
636 463 666 493 in
692 462 838 502 aliquam
865 470 1041 492 censuram
1070 462 1120 492 vel
1148 471 1267 501 penam
1294 461 1497 492 criminalem
1525 464 1659 501 propter
1685 462 1808 492 dictum
1830 463 2021 502 periurium,

202 537 262 559 nec
288 528 318 559 in
345 527 466 558 dictam
486 533 605 566 penam
625 524 771 564 periurii,
791 524 869 564 quia
888 524 936 554 sic
954 523 1013 554 tuit
1032 525 1063 554 et
1081 523 1171 554 stetit
1190 532 1246 563 per
1265 525 1397 563 pactum
1420 532 1620 562 expressum
1641 523 1781 553 solemni
1805 524 2021 563 stipulatione

201 591 277 621 hinc
304 589 380 620 inde
407 587 647 619 interveniente
675 586 845 617 vallatum.
883 584 1017 623 Quibus
1044 585 1202 616 omnibus
1228 586 1258 616 et
1284 585 1429 625 singulis
1455 585 1627 624 predictus
1660 585 1866 616 reverendus
1893 587 1923 616 et
1950 586 2023 616 illu-

198 652 386 684 strissimus
412 650 493 681 iuris
517 649 668 680 canonici
696 648 813 679 doctor
839 646 966 679 Paulus
994 646 1224 678 Pallavicinus
1250 647 1404 687 superior
1423 647 1586 677 dictarum
1606 647 1818 678 dominarum
1838 646 2020 678 Abbatisse

199 717 230 746 et
257 713 456 745 Monialium
482 711 736 747 antedictarum,
764 710 794 740 in
821 712 982 750 quantum
1010 710 1180 750 expediat,
1206 710 1279 740 eius
1304 709 1535 740 auctoritatem
1562 709 1666 747 dedit,
1694 709 1837 749 prestitit
1864 712 1894 740 et
1925 710 2022 740 inter-

199 776 313 817 posuit
337 784 375 806 ae
401 775 468 812 dat,
494 774 620 814 prestat
645 775 676 804 et
703 773 883 812 interponit
920 774 1089 812 tamquam
1128 772 1197 809 rite,
1222 774 1321 810 recte,
1363 771 1546 802 solenniter
1573 773 1603 802 et
1630 770 1775 811 legitime
1803 771 1911 808 factis,
1945 781 2019 803 cum

198 838 296 879 plena
321 838 352 868 et
377 838 505 867 matura
531 843 633 866 cause
658 835 861 874 cognitione.
889 833 927 864 Et
954 834 1029 865 inde
1055 834 1096 865 de
1123 834 1283 874 predictis
1308 833 1467 865 omnibus
1493 835 1523 864 et
1549 833 1694 873 singulis
1720 835 1832 873 partes
1863 834 2020 874 predicte,

199 901 270 932 suis
295 901 326 930 et
351 899 449 930 dictis
475 897 680 933 nominibus,
718 896 957 937 predictusque
995 897 1094 927 etiam
1133 896 1339 928 reverendus
1376 898 1407 926 et
1445 895 1583 927 illustris
1621 896 1700 926 iuris
1727 896 1877 927 canonici
1905 896 2022 927 doctor

198 962 356 993 dominus
382 960 508 992 Paulus
549 958 790 995 Pallavicinus,
829 959 913 989 hanc
954 960 1076 989 cartam
1116 958 1214 989 michi
1251 958 1322 989 fieri
1349 958 1519 989 iusserunt
1544 959 1575 988 et
1601 959 1759 998 rogarunt
1784 966 1822 988 ac
1851 958 1964 989 iubent
1990 960 2020 989 et

197 1025 325 1065 rogant.
352 1022 571 1054 Presentibus
598 1021 700 1052 nobili
728 1021 865 1052 domino
903 1019 1111 1061 Gandulpho
1138 1021 1179 1051 de
1208 1019 1333 1053 Rubeis
1359 1020 1399 1051 de
1426 1019 1578 1051 Bononia
1605 1019 1672 1050 filio
1698 1020 1869 1059 quondam
1897 1020 2021 1051 nobilis

196 1086 323 1118 domini
350 1085 393 1116 Io.
419 1084 599 1125 Augustini
625 1084 698 1115 eive
723 1085 754 1114 et
781 1083 968 1114 habitatore
996 1082 1099 1123 Papie
1138 1083 1169 1113 in
1208 1083 1367 1123 parochia
1394 1082 1499 1113 sancti
1528 1081 1706 1122 Epiffanii;
1740 1081 1843 1112 nobili
1883 1082 2018 1112 domino

196 1147 390 1179 Hieronimo
416 1146 457 1178 de
483 1146 587 1177 Molis
613 1145 653 1177 de
681 1145 880 1183 Belenzona,
907 1145 975 1176 tilio
1002 1145 1127 1175 domini
1155 1144 1316 1176 Bernardi
1337 1144 1524 1175 habitatore
1551 1143 1655 1184 Papie
1675 1144 1705 1174 in
1725 1144 1885 1184 parochia
1912 1145 2018 1175 sancti

195 1209 363 1247 Gervasii,
388 1211 419 1241 et
444 1207 626 1241 Guniforto
652 1208 693 1239 de
719 1206 844 1239 Scottis
880 1208 948 1238 tilio
989 1207 1116 1238 domini
1159 1206 1365 1238 Melchionis
1407 1206 1536 1237 notario
1573 1208 1604 1237 et
1641 1205 1828 1237 habitatore
1856 1204 1960 1246 Papie
1988 1206 2018 1237 in

196 1273 356 1313 parochia
381 1273 495 1303 sancte
522 1270 628 1302 Marie
654 1270 694 1301 de
721 1269 846 1307 Tortis,
883 1270 1027 1301 testibus
1065 1270 1164 1307 notis,
1201 1272 1233 1300 et
1257 1269 1497 1300 attestantibus
1521 1276 1725 1309 cognoscere
1752 1269 1864 1308 partes
1889 1270 2021 1300 contra-

196 1334 324 1371 hentes,
351 1333 514 1364 illustrem
541 1341 678 1372 quoque
705 1332 878 1362 dominum
917 1330 1058 1362 Paulum
1096 1333 1127 1362 et
1164 1340 1215 1362 me
1255 1331 1419 1361 notarium
1462 1329 1723 1370 infrascriptum,
1761 1330 1838 1361 inde
1875 1331 2020 1362 testibus

194 1396 295 1434 notis,
321 1396 449 1436 probis,
475 1395 617 1432 idoneis,
644 1394 774 1425 vocatis
799 1398 900 1434 atque
926 1394 1053 1434 rogatis
1079 1395 1110 1424 et
1137 1393 1351 1433 subscriptis.

285 1467 355 1508 Ego
382 1466 526 1498 lacobus
552 1466 660 1497 Maria
687 1465 893 1497 Ultrabellus
919 1464 1008 1496 tilius
1034 1465 1161 1496 domini
1189 1464 1370 1496 Michaelis
1395 1463 1552 1504 publicus
1583 1464 1760 1504 papiensis
1786 1464 2020 1504 imperialique

193 1532 224 1562 et
263 1530 451 1571 apostolica
491 1528 687 1560 auctoritate
729 1528 880 1559 notarius
924 1528 1191 1568 suprascriptum
1239 1527 1495 1558 instrumentum
1526 1526 1763 1557 transactionis
1809 1526 1907 1557 michi
1949 1526 2017 1557 fieri

194 1601 357 1632 iussum...
384 1601 522 1641 rogatus
547 1599 669 1631 tradidi
695 1601 726 1630 et
753 1599 783 1629 in
811 1598 943 1629 fidem...
970 1607 1020 1629 me
1047 1598 1248 1638 subscripsi.

1000 1807 1215 1847 CMLX.

286 1918 338 1946 La
364 1918 473 1946 Sacra
493 1917 751 1945 Penitenzieria
770 1925 925 1953 appr-ova
944 1916 967 1944 il
987 1920 1163 1944 contratto
1189 1916 1224 1944 di
1251 1916 1414 1944 cessione
1433 1915 1467 1943 di
1487 1915 1521 1944 S.
1542 1915 1712 1943 Mostiola
1732 1915 1800 1943 alle
1819 1914 2016 1943 Olivetane.

847 2046 1010 2077 1658,
1043 2048 1290 2077 ottoln-e,
1323 2046 1375 2070 6.

665 2134 742 2158 (Arcti.
759 2134 818 2155 della
835 2134 904 2156 Curia
920 2134 1037 2155 vescovile
1053 2134 1074 2154 di
1091 2133 1161 2154 Pavia
1177 2145 1201 2147 —
1220 2133 1311 2159 chiese,
1328 2135 1384 2154 cart.
1400 2133 1434 2159 67,
1450 2133 1506 2154 fasc.
1526 2135 1551 2153 lt.

279 2318 380 2435 R
439 2314 636 2367 {AYNUTIUS
660 2331 873 2362 miseratione
910 2331 1025 2362 divina
1063 2331 1146 2362 tituli
1174 2331 1278 2361 sancti
1307 2329 1425 2371 Angeli
1467 2330 1633 2370 presbiter
1658 2328 1851 2361 Cardinalis
1885 2329 2018 2360 dilectis

468 2394 499 2426 in
524 2393 661 2427 Christo
687 2393 870 2425 Abbatisse
895 2396 926 2425 et
953 2393 1163 2424 Monialibus
1189 2393 1383 2424 monasterii
1418 2393 1513 2424 beate
1541 2392 1647 2423 Marie
1673 2392 1714 2423 de
1741 2392 1857 2423 Monte
1883 2390 2018 2423 Oliveto

467 2455 606 2489 Ordinis
642 2457 748 2488 sancti
786 2456 958 2488 Benedicti
996 2454 1280 2497 Congregationis
1318 2455 1423 2487 Vallis
1460 2455 1638 2493 Umbrose,
1676 2455 1754 2486 olim
1784 2457 1878 2485 extra
1904 2463 2018 2485 muros

196 2519 380 2560 papienses
428 2519 617 2557 existentis,
643 2519 785 2551 salutem
813 2519 844 2550 in
871 2518 1029 2550 Domino.

285 2581 335 2612 Ex
362 2583 454 2622 parte
480 2583 592 2613 vestra
618 2581 718 2613 nobis
743 2581 856 2612 oblata
884 2581 1001 2621 petitio
1037 2580 1229 2612 continebat
1262 2580 1352 2620 quod
1379 2589 1452 2611 cum
1479 2579 1564 2611 alias
1590 2581 1772 2620 postquam
1799 2579 1922 2610 dictum
1950 2587 2019 2609 mo-

197 2643 397 2682 nasterium,
438 2643 531 2684 quod
573 2644 704 2685 insigne
744 2647 776 2675 et
812 2645 907 2674 extra
944 2651 1058 2674 muros
1095 2642 1271 2683 papiensis
1307 2642 1455 2673 civitatis
1492 2642 1629 2673 mirifice
1667 2643 1896 2672 constructuri]
1938 2643 2016 2675 erat,

198 2707 336 2746 propter
360 2705 449 2737 bella
484 2706 623 2737 omnino
659 2705 867 2737 destructum
908 2707 939 2736 et
976 2705 1050 2736 solo
1087 2706 1246 2744 equatum
1284 2704 1441 2741 extiterit,
1479 2712 1541 2735 vos
1579 2704 1758 2744 propterea
1796 2703 1879 2733 intra
1920 2704 2016 2742 septa

198 2767 376 2799 cuiusdam
401 2769 512 2799 vestre
538 2767 661 2799 domus
697 2768 872 2808 prophane
911 2768 995 2798 intra
1032 2767 1173 2798 eandem
1211 2766 1382 2797 civitatem
1419 2766 1609 2803 existentis,
1645 2774 1719 2796 cum
1758 2773 1878 2804 magna
1905 2766 2015 2795 vestra

198 2827 447 2867 incomoditate,
473 2838 536 2861 vos
561 2829 759 2870 recepistis;
785 2831 816 2860 et
841 2829 933 2869 quod
959 2838 1033 2860 cum
1071 2828 1287 2869 congregatio
1326 2827 1474 2858 Fratrum
1502 2827 1746 2859 Heremitarum
1773 2826 1877 2857 sancti
1906 2824 2018 2866 Augu-

197 2889 274 2922 stini
299 2891 574 2923 conventualium
600 2891 776 2932 provincie
796 2890 1061 2922 mediolanensis
1080 2891 1242 2922 haberent
1268 2890 1299 2921 in
1325 2890 1443 2921 eadem
1469 2889 1604 2920 civitate
1638 2898 1738 2920 unum
1777 2887 2015 2919 monasterium

198 2951 263 2984 sub
299 2952 512 2985 invocatione
549 2955 665 2985 sancte
701 2953 887 2991 Mustiolle‚
925 2953 1022 2985 cuius
1059 2952 1160 2984 annui
1197 2951 1349 2983 redditus
1385 2953 1416 2982 et
1453 2952 1638 2991 proventus
1674 2951 1839 2981 ducentos
1877 2949 2018 2979 ducatos

198 3013 280 3053 auri,
316 3014 502 3046 secundum
539 3023 715 3047 comunem
752 3015 1048 3053 existimationem,
1086 3023 1150 3045 non
1188 3013 1409 3051 excedebant,
1447 3013 1491 3043 ita
1529 3012 1619 3052 quod
1647 3012 1677 3042 in
1704 3021 1744 3043 eo
1771 3011 1826 3042 vix
1854 3012 1928 3041 octo
1961 3012 2017 3041 aut
