2305 3407
261 169 304 200 80

255 302 314 341 git}
342 303 481 334 vetulum
507 303 564 334 cio!
588 311 648 334 suo
673 303 802 336 marito.
829 312 849 333 α
874 305 1020 334 troncare
1046 302 1077 333 lo
1103 302 1282 341 questione,
1320 301 1490 333 adunatis!
1513 303 1524 333 i
1547 302 1713 333 reverendi
1748 303 1906 343 magister
1938 301 2075 335 Gabriel

258 365 299 395 de
326 363 430 405 Papia
458 363 561 402 Prior,
589 366 747 406 magister
785 365 950 396 lohannes
988 363 1220 395 Bertolameus
1245 363 1286 395 de
1313 363 1506 401 Valmaclia,
1544 365 1702 405 magister
1736 364 1901 396 lohannes
1927 363 2078 397 Bertola-

259 435 352 458 meus
377 427 418 458 de
444 425 647 465 Castelacio,
674 428 832 468 magister
858 425 1042 458 leronimus
1068 426 1108 457 de
1135 425 1247 463 Lenta,
1273 425 1372 457 trater
1391 425 1582 458 Alexander
1600 427 1641 458 de
1660 425 1813 458 Bononia
1841 426 1952 464 lector,
1977 427 2077 459 trater

258 488 378 521 Vitalis
404 490 444 521 de
471 488 634 521 Anchona
661 490 775 525 lector,
803 489 901 520 irater
928 487 1053 520 Paulus
1079 489 1120 519 de
1146 486 1338 520 Castelacio
1365 488 1479 526 lector,
1504 488 1605 520 frater
1630 488 1757 521 Paulus
1783 489 1823 520 de
1842 488 1959 530 Papia,
1978 489 2077 522 trater

258 550 385 583 Paulus
411 551 452 583 de
479 551 582 584 Utino
608 560 736 589 cursor,
764 551 863 582 trater
889 550 1019 582 Lucitas
1046 550 1086 582 de
1114 549 1334 591 Romagnano
1360 559 1489 589 cursor,
1526 551 1626 583 frater
1663 550 1830 583 lohannes
1856 550 2010 592 Baptista
2036 552 2076 584 de

258 613 477 654 Romagnano
503 623 630 651 cursor,
656 613 754 645 trater
781 613 944 645 Marchus
971 615 1122 651 venetus,
1148 612 1248 644 trater
1273 611 1475 645 Guillelmus
1501 613 1541 645 de
1567 612 1718 647 Silvano,
1743 613 1844 645 frater
1869 613 2079 646 Michaelan-

256 676 352 717 gelus
378 676 420 708 de
448 675 564 716 Papia,
590 676 690 707 trater
728 675 913 707 Nieliolaus
939 676 980 707 de
1006 674 1255 716 Cremagnolla,
1293 675 1393 707 frater
1430 674 1576 716 Spiritus
1601 676 1642 707 de
1669 676 1877 714 Mediolano,
1903 675 2004 708 frater
2029 675 2079 707 lo—

257 739 386 770 hannes
411 739 598 775 alamanus,
624 738 724 770 trater
750 737 871 770 Petrus
895 738 1083 776 alamanus,
1109 737 1209 769 trater
1234 736 1420 769 Nicholaus
1446 738 1487 769 de
1514 737 1715 776 Belenzona,
1741 738 1839 770 frater
1858 737 2011 770 Andreas
2036 738 2077 770 de

258 800 373 841 Papia,
400 801 498 832 frater
525 799 818 841 Michaelangelus
844 800 884 831 de
912 799 1120 837 Mediolano,
1139 799 1239 832 trater
1258 799 1438 832 Anselmus
1457 800 1497 831 de
1516 799 1696 838 Sartirana,
1722 800 1821 832 frater
1839 799 2080 841 Sigismondus

255 863 297 894 de
324 861 521 894 Mediolano
547 865 578 894 et
604 862 704 894 irater
730 862 897 894 lohannes
923 862 1050 894 Paulus
1077 863 1117 894 de
1144 861 1334 903 Papia,pii'1
1358 863 1393 894 di
1416 863 1479 895 αἰι8
1496 864 1578 895 terzi
1592 863 1646 895 del
1664 862 1828 904 CapHoIo,
1846 863 2078 903 addivengono

259 925 307 957 aci
329 933 395 956 ima
421 925 632 956 transazt'one
657 926 710 956 coi
733 926 949 957 suaccennati
972 925 1061 956 eredi
1077 922 1137 964 (1).

991 1126 1346 1167 DCCXXXV.

350 1235 485 1270 Legato
511 1235 566 1263 del
593 1235 673 1263 nob.
702 1235 875 1263 Torberto
900 1235 1086 1264 Isimbardi
1112 1245 1131 1264 a
1158 1236 1280 1264 favore
1307 1236 1340 1264 di
1369 1236 1403 1264 S.
1432 1236 1555 1265 Paolo.

854 1359 872 1382 1
880 1358 996 1388 512,
1030 1360 1375 1390 11ox*e111b1-e‚
1408 1359 1485 1383 16.

815 1447 892 1467 *Aren
910 1447 990 1468 Notar.
1007 1447 1029 1467 di
1047 1447 1116 1467 Pavia
1133 1458 1157 1461 —
1173 1447 1221 1468 Atti
1237 1447 1259 1467 di
1276 1447 1390 1468 Damiano
1407 1447 1528 1471 Landolti).

276 1638 277 1644 ¹
505 1649 595 1675 ELLA
620 1653 700 1676 casa
725 1645 779 1676 ciel
802 1647 964 1681 testatore,
991 1646 1022 1677 in
1048 1645 1248 1677 Parrocclzia
1273 1646 1308 1677 (11
1331 1645 1364 1678 S.
1390 1646 1498 1678 Marsa
1533 1645 1681 1687 Capella.
1712 1646 1920 1678 Testamento
1945 1646 1998 1678 del
2022 1655 2079 1678 no·

331 1632 451 1748 N
527 1707 590 1739 bile
620 1707 774 1739 Torberto
800 1708 976 1740 lsimbcmii
999 1709 1052 1740 del
1068 1708 1110 1749 fu
1134 1709 1236 1741 17111118
1261 1718 1277 1740 8
1302 1711 1395 1740 conte
1420 1708 1576 1746 Lorenzo,
1601 1709 1655 1740 nel
1678 1709 1775 1749 quale
1793 1709 1999 1749 sepulturam
2026 1718 2080 1740 ca-

403 1780 499 1807 ης
527 1770 664 1802 daveris
690 1771 753 1809 sui,
780 1771 1065 1812 quandocumque
1091 1781 1166 1803 eum
1194 1772 1234 1803 de
1260 1772 1324 1804 1108
1350 1772 1466 1803 5881110
1494 1772 1635 1813 migrare
1661 1772 1874 1813 contingerit,
1901 1772 2007 1803 voluit
2032 1772 2077 1803 el-

260 1831 339 1872 legit
364 1834 395 1863 et
421 1832 590 1864 ordinavit
616 1833 646 1864 in
673 1833 815 1865 ecclesia
841 1834 946 1865 sancti
985 1832 1079 1865 Pauli
1118 1836 1212 1866 extra
1250 1835 1359 1866 menia
1386 1834 1501 1875 Papie‚
1538 1833 1677 1866 Ordinis
1703 1834 1945 1866 Heremitarum
1971 1834 2079 1866 sancti

260 1893 440 1934 Augustini
466 1895 507 1926 de
533 1894 771 1929 Observantia,
798 1897 829 1927 in
856 1896 1012 1937 sepulcro
1038 1895 1178 1937 Capelle
1204 1899 1396 1929 constructe
1435 1906 1492 1938 per
1529 1898 1640 1938 ipsum
1678 1897 1850 1928 dominum
1888 1899 2079 1928 testatorem

260 1957 310 1987 vel
338 1957 510 1997 quondam
538 1959 753 1999 magnificum
792 1959 873 1990 iuris
911 1959 1085 1999 utriusque
1112 1959 1283 1991 doctorem
1309 1961 1340 1990 et
1366 1959 1515 1990 millitem
1553 1959 1725 1990 dominum
1760 1959 1939 1991 Iohannem
1967 1958 2081 2000 Augu-

260 2020 384 2050 stinum
411 2020 485 2051 eius
510 2021 637 2052 domini
664 2022 836 2053 testatoris
861 2021 1014 2060 fratrem
1040 2022 1092 2053 cui
1120 2022 1250 2062 capelle
1276 2030 1336 2062 pro
1361 2021 1458 2053 docte
1477 2022 1561 2059 eius,
1587 2030 1645 2053 seu
1673 2021 1926 2053 venerabilibus
1943 2021 2081 2052 domino

262 2080 367 2112 Priori
394 2084 425 2113 et
452 2081 624 2114 Fratribus
650 2083 729 2115 dicti
756 2082 968 2121 Conventus,
995 2085 1129 2116 nomine
1155 2085 1242 2116 dicte
1268 2082 1419 2125 Capelle,
1445 2084 1570 2125 legavit
1595 2086 1625 2116 et
1652 2085 1739 2125 legat
1765 2084 1868 2116 libras
1901 2085 2082 2116 ducentum

262 2144 454 2185 imperiales
481 2154 539 2186 per
565 2145 800 2187 infrascriptos
836 2147 910 2178 eius
947 2147 1036 2178 filios
1062 2148 1093 2178 et
1119 2147 1305 2179 heredes...
1332 2155 1418 2187 quos
1443 2147 1642 2188 gravavit...
1670 2147 1761 2187 quod
1788 2147 1867 2178 dent
1892 2148 1923 2178 et
1948 2146 2083 2178 solvant

262 2207 404 2247 quilibet
429 2217 588 2239 eorum...
615 2208 719 2240 libras
745 2209 858 2240 decem
887 2210 1077 2250 imperiales
1103 2211 1191 2241 omni
1218 2219 1307 2241 anno
1334 2211 1364 2241 in
1391 2212 1496 2241 totuin
1523 2219 1583 2251 pro
1608 2210 1719 2242 anima
1740 2211 1849 2251 ipsius
1882 2209 2008 2241 domini
2034 2212 2081 2241 te-

263 2270 443 2301 statoris...
471 2270 659 2311 disponens
697 2271 769 2311 ipse
806 2272 965 2303 dominus
1002 2274 1142 2304 testator
1179 2273 1270 2313 quod
1309 2273 1386 2304 dicti
1413 2273 1572 2304 dominus
1605 2272 1700 2304 Prior
1725 2274 1756 2304 et
1783 2272 1923 2311 Fratres,
1950 2272 2084 2303 nomine.

263 2331 350 2363 dicte
376 2332 516 2372 capelle,
543 2333 573 2363 in
600 2335 675 2364 actu
701 2334 957 2366 exbursationis
983 2335 1146 2366 dictarum
1163 2335 1320 2366 librarum
1347 2335 1574 2366 ducentum...
1601 2335 1745 2366 debeant
1771 2344 1809 2366 ac
1834 2337 2008 2366 teneantur
2025 2343 2084 2366 eas

266 2394 436 2434 implicare
463 2395 494 2425 in
522 2404 588 2425 uno
614 2404 672 2426 seu
700 2396 836 2428 duobus
862 2396 987 2434 fondis,
1014 2398 1088 2428 sitis
1115 2397 1146 2428 in
1172 2398 1307 2428 civitate
1333 2398 1384 2428 vel
1415 2397 1575 2429 comitatu
1616 2396 1765 2438 Papie....
1791 2406 1832 2428 ex
1859 2397 1984 2438 quibus
2010 2405 2084 2437 per-

265 2458 366 2496 petuo
394 2457 520 2496 percipi
548 2458 680 2497 possint
707 2458 747 2489 de
774 2459 850 2489 ficto
877 2459 959 2490 libre
984 2460 1101 2491 decem
1129 2459 1321 2500 imperiales
1347 2459 1481 2500 singulo
1507 2468 1639 2491 anno...
1666 2468 1813 2500 gravans
1854 2458 2001 2499 prefatos
2027 2459 2085 2489 do-

267 2518 390 2549 minum
420 2518 565 2550 Priorem
593 2524 623 2551 ct
651 2520 781 2552 Fratres
806 2521 848 2552 ad
875 2522 964 2552 omni
991 2531 1079 2553 anno
1107 2524 1270 2563 perpetuo
1296 2523 1327 2553 in
1353 2523 1442 2553 dicta
1468 2522 1596 2563 capella
1623 2522 1858 2553 celebrandum
1878 2523 1908 2553 et
1925 2521 2083 2552 celebrari

266 2579 455 2611 faciendum
483 2581 593 2612 officia
620 2582 686 2612 duo
713 2592 730 2613 a
758 2584 898 2615 mortuis
923 2586 954 2615 et
981 2585 1119 2615 missam
1148 2593 1245 2615 unam
1274 2585 1406 2625 singula
1433 2584 1634 2619 ebdomada,
1663 2593 1723 2624 pro
1755 2584 1866 2615 anima
1893 2583 2001 2623 ipsius
2027 2583 2087 2614 do-

269 2643 346 2673 mini
374 2644 555 2674 testatoris.

328 2802 343 2820 *l
376 2801 400 2821 Α1
417 2801 441 2820 21³
458 2801 585 2821 settembre
601 2802 613 2820 ii
631 2800 739 2826 Capitolo
756 2801 776 2821 (11
794 2801 808 2821 S
832 2802 946 2825 Agostiiio
963 2802 990 2822 (1.1
1014 2803 1151 2823 investitura
1207 2803 1273 2823 sciuri
1289 2803 1310 2823 sil
1326 2802 1448 2823 convento
1465 2803 1485 2822 111
1502 2803 1555 2828 quel
1572 2803 1641 2828 luogo
1653 2803 1689 2823 dal
1702 2802 1724 2822 iu
1743 2803 1850 2823 (jinliauo
1870 2802 1926 2823 Cani
1938 2808 1977 2828 per
1989 2803 2083 2823 l'annno

274 2850 314 2870 per
330 2846 340 2865 4
356 2846 408 2865 anni
432 2851 444 2865 :t
469 2845 571 2865 Martum
596 2845 722 2869 Vaut-giam
746 2846 767 2865 (11
793 2845 910 2866 8111111111111
934 2846 969 2866 dci
993 2847 1097 2871 possessi
1121 2847 1150 2867 lu-
1205 2846 1282 2867 allitto
1298 2847 1319 2867 di
1333 2846 1713 2867 1005188111(11111111181110,μ’11111>
1724 2847 1765 2867 eui
1776 2847 1832 2868 (jian
1843 2847 2082 2872 Αιζο511110Μυτῑιεσο4
