2305 3407
1078 281 1266 323 CMLI.

353 390 476 426 Legati
491 390 731 419 testamentari
756 391 791 419 di
816 396 868 420 tre
893 391 1096 427 prigionieri
1121 392 1176 420 nel
1201 391 1358 420 Castello
1383 390 1417 420 di
1442 391 1554 420 Pavia
1580 400 1600 420 a
1625 392 1748 421 favore
1773 392 1808 421 di
1834 392 1868 421 S.
1894 392 2081 429 Agostino.

895 512 1059 545 1667,
1087 512 1373 544 iebbraio,
1405 513 1457 538 3.

818 600 886 622 Areli.
903 600 983 622 Notat.
1000 600 1022 621 di
1039 599 1109 621 Pavia
1124 611 1150 614 —
1165 600 1214 622 Atti
1229 600 1252 621 di
1268 600 1410 622 Alessandro
1425 601 1545 627 Folperti).

332 784 456 900 N
510 802 553 828 ΕΙ,
580 796 725 830 Castello
751 797 785 829 di
808 797 924 834 Pavia,
962 799 1156 829 testamento
1182 798 1236 829 del
1259 797 1460 839 magnificus
1496 798 1656 830 dominus
1692 797 1895 831 Franciscus
1932 799 1972 831 de
1998 797 2086 831 Che-

533 860 616 891 sada
640 860 729 891 filius
756 860 928 900 quondam
955 861 1122 901 magnifici
1141 860 1268 892 domini
1295 858 1499 897 Sebastiani,
1526 860 1693 901 hispanus
1725 861 1767 892 de
1797 861 1931 892 civitate
1965 860 2083 898 Baeze,

331 957 336 958 ⁷
461 957 485 958 Ἡ
531 922 616 953 alias
648 921 855 953 castellanus
881 922 912 953 in
938 924 1049 954 castro
1085 924 1169 954 terre
1206 921 1357 953 Valentie
1382 924 1414 954 et
1440 931 1526 954 nunc
1552 923 1708 955 detentus
1746 924 1776 954 in
1818 924 1907 955 dicto
1939 926 2083 956 castro...

262 984 286 1015 1'1'
308 983 407 1024 quale
431 983 654 1015 considerans
679 992 715 1015 se
741 984 772 1014 in
800 984 893 1015 brevi
919 992 996 1015 esse
1033 984 1273 1021 moriturum,...
1298 981 1350 1023 (l)
1375 984 1446 1015 vult
1471 985 1562 1025 quod
1588 985 1735 1016 cadaver
1775 993 1872 1017 suum
1903 986 2086 1026 sepeliatur

263 1048 295 1077 et
319 1046 452 1086 sepeliri
479 1045 600 1077 debeat
626 1046 657 1077 in
683 1046 826 1077 ecelesia
852 1046 958 1077 sancti
985 1045 1165 1087 Augustini
1204 1045 1320 1087 Papie,
1345 1047 1397 1078 cui
1425 1047 1630 1078 monasterio
1663 1047 1822 1088 relinquit
1847 1050 1941 1079 scuta
1967 1048 2083 1080 decem

261 1108 331 1139 auri
359 1117 419 1148 pro
444 1108 556 1140 anima
582 1108 690 1148 ipsius
716 1108 843 1139 domini
870 1109 1052 1140 testatoris.

348 1214 413 1246 Nel
438 1213 583 1246 Castello
620 1214 655 1246 di
689 1214 806 1251 Ρανία,
848 1216 1043 1246 testamento
1083 1214 1137 1246 del
1176 1215 1375 1255 magnificus
1416 1215 1576 1247 dominus
1616 1213 1826 1256 Capitaneus
1863 1215 2006 1249 lacobus
2042 1217 2084 1248 de

261 1275 376 1308 Nerito
402 1277 512 1308 dictus
538 1276 578 1308 de
605 1276 730 1314 Nardo,
767 1277 856 1308 filius
882 1277 1055 1317 quondam
1083 1277 1251 1318 magnifici
1279 1277 1405 1308 domini
1444 1276 1577 1309 Andree
1600 1278 1642 1309 de
1667 1278 1803 1309 civitate
1840 1278 1955 1310 Nardo
1992 1279 2083 1320 regni

260 1337 434 1379 NeapoliS,
459 1339 617 1371 detentus
632 1339 664 1370 in
679 1339 913 1380 suprascripto
931 1341 1076 1371 castro...
1091 1339 1114 1371 il
1127 1339 1224 1379 quale
1238 1340 1448 1371 attendens...
1465 1348 1501 1371 se
1517 1340 1547 1371 in
1565 1340 1656 1371 brevi
1671 1348 1748 1372 esse
1767 1341 1994 1372 moriturum...
2014 1341 2084 1373 vult

260 1401 350 1440 quod
377 1401 450 1432 eius
474 1401 620 1432 cadaver
645 1401 830 1441 sepeliatur
856 1402 887 1432 in
913 1401 1056 1433 ecclesia
1081 1402 1187 1433 sancti
1215 1401 1394 1443 Augustini
1422 1401 1537 1442 Papie,
1562 1411 1710 1443 gravans
1736 1402 1985 1443 infrascriptum
2011 1404 2085 1435 eius

264 1463 420 1494 heredem
460 1463 685 1494 universalem
712 1464 753 1494 ad
780 1464 845 1495 sibi
871 1464 940 1495 fieri
966 1463 1157 1495 faciendum
1192 1464 1387 1504 depositum
1415 1464 1445 1495 in
1473 1464 1561 1496 dicta
1587 1465 1730 1497 ecclesia
1770 1468 1943 1506 copertum
1971 1474 2084 1506 panno

260 1525 366 1565 nigro,
393 1525 552 1565 ponendo
590 1526 722 1566 insigne
748 1526 895 1566 desuper
920 1526 1045 1557 dictum
1080 1526 1273 1566 depositum
1300 1528 1365 1558 tam
1393 1527 1425 1558 in
1451 1527 1541 1558 dicto
1567 1528 1784 1566 monasterie,
1811 1536 1911 1568 quam
1939 1528 1970 1559 in
1997 1528 2085 1560 dicta

260 1587 395 1618 civitate
422 1587 462 1618 de
488 1587 637 1619 Nardo...
664 1587 741 1619 ltem
770 1588 896 1629 legavit
921 1590 952 1620 et
978 1589 1065 1629 legat
1090 1589 1182 1620 dicto
1216 1590 1422 1621 monasterio
1448 1590 1555 1621 sancti
1593 1589 1774 1630 Augustini
1813 1589 1928 1631 Papie,
1967 1593 2085 1622 scutos

260 1649 410 1689 quinque
446 1650 529 1688 auri,
567 1659 627 1691 pro
664 1651 776 1681 anima
814 1651 924 1690 ipsius
960 1650 1087 1682 domini
1124 1652 1297 1683 testatoris
1323 1652 1490 1683 dandos...
1517 1652 1627 1683 statim
1655 1654 1732 1692 post
1758 1652 1936 1684 decessum
1964 1653 2082 1693 prefati

261 1711 386 1742 domini
412 1713 617 1744 testatoris...
645 1712 722 1743 ltem
750 1712 873 1753 legavit
899 1715 930 1744 et
956 1713 1043 1754 legat
1069 1714 1255 1745 reverendo
1280 1714 1419 1745 domino
1445 1714 1606 1755 magistro
1631 1713 1722 1745 fratri
1750 1714 1931 1746 Fortunato
1957 1715 1997 1746 de
2022 1713 2087 1747 Ce-

261 1774 387 1805 redano
414 1773 519 1805 Priori
547 1775 654 1806 sancti
682 1774 862 1815 Augustini
901 1777 1017 1815 scutos
1054 1776 1205 1816 quinque
1231 1776 1302 1807 auri
1330 1785 1390 1816 pro
1416 1777 1658 1808 exoneratione
1683 1777 1889 1808 conscientie
1915 1785 1986 1815 sue,
2012 1785 2086 1818 gra-

261 1844 346 1867 vans
373 1837 561 1876 predictum
588 1837 761 1868 dominum
788 1837 922 1868 fratrem
950 1837 1166 1869 Fortunatum
1193 1838 1235 1869 ad
1261 1838 1500 1870 celebrandum
1543 1839 1668 1870 missas
1693 1847 1753 1879 pro
1778 1839 1890 1870 anima
1918 1839 2008 1871 illius
2032 1839 2084 1871 cui

260 1901 312 1930 est
337 1898 470 1930 debitor
495 1899 645 1940 prefatus
671 1900 831 1931 dominus
856 1902 1005 1932 testator.

348 2005 412 2037 Nel
438 2004 584 2038 Castello
610 2006 645 2037 di
668 2005 787 2044 Ρανία,
814 2008 1008 2038 testamento
1033 2006 1087 2038 del
1111 2007 1312 2048 magnificus
1338 2007 1497 2039 dominus
1531 2007 1709 2040 Vandinus
1733 2008 1774 2039 de
1800 2008 1966 2040 Vandinis
1991 2008 2081 2041 filius

260 2068 426 2109 magnifici
453 2068 579 2099 domini
607 2067 790 2100 Alexandri
818 2069 858 2100 de
884 2067 1006 2101 Castro
1044 2068 1204 2107 Frontini‚
1241 2069 1384 2101 ducatus
1422 2069 1552 2107 Urbini,
1578 2069 1735 2101 detentus
1761 2070 1792 2101 in
1818 2068 1939 2102 Castro
1969 2069 2084 2111 Papie‚

258 2130 312 2161 nel
334 2130 432 2170 quale
456 2132 650 2162 testamento
675 2131 813 2172 cilspone
850 2132 942 2172 quod
979 2132 1126 2164 cadaver
1162 2140 1261 2163 suum
1298 2132 1483 2172 sepeliatur
1507 2134 1538 2163 et
1563 2132 1698 2172 sepeliri
1737 2132 1857 2164 debeat
1883 2133 1914 2163 in
1940 2132 2084 2164 ecclesia

260 2192 365 2223 sancti
393 2191 572 2232 Augustini
600 2191 738 2233 Papie...
766 2193 843 2224 Item
871 2193 958 2234 legat
985 2194 1146 2234 magistro
1171 2193 1262 2225 fratri
1291 2193 1473 2226 Fortunato
1499 2193 1604 2225 Priori
1632 2194 1710 2225 dicti
1748 2195 1942 2226 monasterii
1969 2197 2085 2226 seutos

263 2255 380 2286 decem
406 2255 512 2286 auri...
538 2257 568 2286 et
595 2255 658 2286 hoc
683 2264 744 2296 pro
769 2256 880 2287 anima
907 2256 1017 2296 ipsius
1043 2256 1169 2287 domini
1196 2256 1377 2288 testatoris.

320 2413 336 2432 «l
369 2411 457 2436 Questa
473 2411 534 2432 irase
550 2417 561 2432 e
577 2412 590 2432 il
607 2411 666 2433 fatto
681 2412 723 2433 elic
740 2412 753 2432 il
770 2414 894 2438 testatore,
912 2418 977 2433 corne
1001 2413 1082 2433 risulta
1108 2413 1145 2433 dal
1255 2412 1403 2434 Ricordianio
1428 2413 1467 2439 qui
1490 2413 1563 2434 anche
1585 2413 1606 2434 la
1629 2413 1790 2439 disposizione
1815 2412 1991 2434 testamentaria
2007 2413 2043 2434 del
2057 2413 2084 2434 23

266 2456 358 2480 seguino
374 2456 410 2476 del
426 2458 578 2481 testamento,
601 2456 672 2477 lascia
695 2457 715 2477 le
738 2462 779 2477 sue
796 2457 854 2477 vesti
875 2457 920 2477 alla
936 2457 1108 2478 Confralernita
1124 2457 1146 2478 di
1202 2458 1302 2483 gennaio
1320 2458 1368 2479 1557
1383 2458 1435 2482 (afli
1452 2458 1488 2479 del
1504 2458 1584 2479 notaio
1607 2457 1665 2479 Gian
1690 2457 1818 2479 Donienico
1835 2457 1900 2484 Ripa>
1917 2462 1961 2479 con
1977 2458 1997 2478 la
2013 2458 2082 2484 quale

267 2500 289 2520 S.
306 2499 390 2525 Rocco,
406 2501 447 2520 clue
462 2500 579 2521 assisfevn
595 2501 600 2520 i
616 2500 757 2521 condannafi
773 2507 785 2521 a
802 2501 1092 2526 rnorfe‚fannoiritcriderc
1108 2502 1149 2523 elie
1204 2502 1218 2522 il
1235 2502 1325 2523 medico
1342 2502 1405 2528 Luigi
1422 2502 1546 2527 Marchesin
1569 2502 1605 2523 del
1628 2502 1651 2523 fu
1674 2502 1826 2528 Bernarduw,
1849 2502 1871 2523 di
1895 2501 1974 2528 Pavia,
1989 2502 2082 2524 ordinat

268 2544 282 2564 il
298 2546 413 2564 testatore
429 2543 492 2564 fosse
508 2544 544 2564 sul
563 2546 637 2570 punto
653 2544 675 2564 di
691 2549 770 2565 essere
794 2545 940 2570 giusfiziatoi
965 2545 1054 2570 Quesfa
1069 2551 1150 2567 avver-
1205 2546 1268 2572 quod
1284 2552 1335 2568 curn
1352 2547 1477 2571 contigerit
1498 2547 1598 2568 animam
1621 2552 1687 2568 suam
1702 2551 1715 2567 a
1731 2552 1829 2572 corpore
1853 2547 1966 2573 separari,
1982 2547 2032 2568 eius
2047 2552 2082 2568 ca-

269 2590 336 2608 fenza
353 2588 403 2608 vale
418 2589 491 2609 nuche
507 2594 547 2613 per
563 2589 591 2613 gli
607 2588 659 2609 altri
675 2588 720 2609 due
737 2589 854 2614 testatori,
870 2589 906 2610 dei
922 2590 984 2615 quali
1000 2590 1014 2610 il
1031 2590 1105 2616 primo
1121 2590 1149 2610 ri·
1203 2590 1275 2611 daver
1290 2590 1417 2611 defferalur
1432 2592 1454 2612 et
1469 2591 1606 2617 sepelliafur
1622 2591 1643 2611 in
1659 2590 1767 2617 sepulcro
1789 2590 1880 2611 illorum
1897 2591 1925 2612 de
1940 2591 2083 2616 Marchixiis,

269 2635 322 2657 pete
337 2633 357 2652 la
373 2632 448 2653 irasc:
464 2632 589 2653 attendens
605 2638 629 2653 se
645 2633 666 2653 in
683 2633 746 2653 brevi
771 2639 823 2654 esse
848 2634 1001 2658 moriturum:
1025 2640 1036 2655 e
1052 2635 1066 2655 il
1083 2636 1148 2655 terzo
1203 2635 1250 2656 sito
1265 2635 1287 2656 in
1303 2635 1402 2656 ccclesia
1418 2635 1464 2656 divi
1480 2635 1604 2661 Augustini
1622 2634 1701 2661 papie.

271 2676 342 2697 lascia
358 2677 402 2697 alla
418 2676 530 2697 suddemi
547 2676 719 2698 Confralernim
735 2677 756 2697 di
769 2677 791 2699 S.
805 2677 881 2699 Rocco
890 2678 956 2699 scudi
967 2679 980 2699 5
991 2684 1031 2704 per
1047 2679 1151 2704 suffragi.
