2305 3407
1964 143 2028 175 279

210 264 302 303 quod
328 264 542 298 decreveritis
575 275 634 307 per
658 275 835 299 censuram
871 268 1134 300 ecclesiasticam
1172 270 1308 301 firmiter
1332 270 1516 303 observari.
1543 272 1665 304 Testes
1689 276 1799 305 autem
1827 276 1883 315 qui
1909 275 2030 308 fuerint

211 327 371 359 nominati
398 328 425 359 si
452 336 487 359 se
512 330 629 369 gratia,
644 330 723 361 odio
739 330 790 361 vel
816 331 933 362 timore
959 331 1196 370 subtraxerint,
1223 341 1377 371 censura,
1393 334 1492 365 simili
1511 335 1739 375 appellatione
1757 339 1922 375 cessante,
1941 347 2030 369 com-

211 389 344 429 pellatis
370 391 498 421 veritati
525 392 752 423 testimonium
779 393 963 432 perhibere.
991 392 1113 425 Datum
1142 394 1276 431 Romae,
1303 395 1394 435 apud
1421 394 1452 427 S.
1481 395 1625 435 Petrum,
1663 407 1751 429 anno
1790 398 2031 431 incarnationis

211 450 356 487 Domini,
387 453 478 488 1560,
506 454 603 484 nonis
631 453 765 494 Aprilis,
793 455 1008 495 pontificatus
1035 457 1137 488 nostri
1165 466 1253 488 anno
1280 458 1397 497 primo.

944 657 1293 698 CMLXXIII.

343 765 473 800 Legato
499 766 769 793 testamentario
796 766 850 794 del
877 767 957 794 nob.
986 766 1074 794 Glari
1101 767 1229 808 Nicolav
1251 767 1443 796 Fiamberti
1470 777 1489 796 a
1515 769 1636 797 favore
1663 770 1697 797 di
1725 770 1759 798 S.
1788 770 1906 801 paolo.

830 889 992 920 1660,
1027 890 1290 921 nnaggiO,
1323 890 1413 915 26.

784 976 860 999 (Aicli.
878 977 957 997 Notas⁴
975 978 996 997 di
1014 977 1083 998 l‘avizi
1100 989 1124 991 —
1140 978 1186 999 Atti
1204 979 1225 998 di
1242 978 1318 999 Guiilo
1335 979 1471 1004 Mangaiioi.

275 1137 398 1253 N
458 1156 547 1182 ELLA
571 1151 730 1182 sac-resim
756 1151 790 1182 cii
814 1150 847 1182 S.
874 1150 981 1181 Maria
1007 1151 1041 1181 iii
1068 1149 1301 1191 Campanam.
1333 1152 1540 1183 Testustiento
1565 1152 1619 1183 del
1653 1153 1762 1184 nobile
1793 1152 1879 1185 Gizm
1911 1153 2030 1184 Ni‘colu

480 1213 668 1248 Fi‘nmbcrti',
694 1213 747 1245 del
764 1213 806 1253 fi!
833 1213 920 1245 Glari
946 1214 1116 1252 Amissum,
1144 1214 1179 1244 di·
1203 1213 1318 1249 Paula,
1346 1214 1399 1245 nel
1426 1214 1524 1253 quale
1549 1215 1590 1245 'id
1629 1215 1889 1246 declarationem
1928 1216 2028 1246 animi

480 1277 531 1307 sui
559 1277 687 1307 intimat
712 1276 851 1307 auribus
878 1276 1166 1316 infrascriptorum
1194 1277 1352 1307 heredum
1380 1286 1528 1314 suorum,
1554 1277 1612 1308 elie
1636 1286 1718 1308 sono
1743 1278 1754 1308 i
1778 1277 1882 1308 Paairi·
1905 1277 2032 1309 Barna-

208 1339 268 1370 biti
291 1339 326 1370 sii*
351 1339 574 1379 Ciiizepanoirii
600 1339 634 1370 di·
658 1338 775 1374 Paula,
802 1339 865 1369 sibi
893 1341 1022 1378 gratum
1049 1338 1119 1369 fore
1145 1339 1172 1369 si
1200 1348 1260 1379 pro
1287 1348 1351 1370 una
1379 1340 1451 1370 vice
1493 1341 1619 1370 tantum
1646 1340 1799 1371 dederint
1838 1340 2030 1371 reverendis

209 1401 367 1432 fratribus
393 1402 498 1432 sancti
526 1400 632 1438 Pauli,
659 1400 797 1432 Ordinis
824 1401 929 1432 sancti
956 1400 1135 1441 Augustini
1162 1402 1203 1432 de
1230 1400 1468 1438 Observantia,
1493 1404 1587 1433 extra
1615 1403 1722 1433 menia
1765 1401 1878 1442 Papie,
1916 1404 2031 1434 scutos

207 1467 349 1502 centum,
377 1464 427 1495 vel
453 1464 703 1504 assignaverint
728 1465 775 1494 tot
800 1472 841 1494 ex
869 1464 1004 1494 creditis
1031 1464 1140 1504 ipsius
1173 1464 1344 1495 testatoris
1381 1466 1541 1504 quantuni
1570 1465 1727 1504 importat
1763 1464 1851 1495 dicta
1889 1473 2029 1500 summa,

208 1529 239 1558 et
265 1527 327 1557 lioc
354 1536 413 1567 pro
440 1527 650 1566 reparatione
678 1535 791 1556 corum
818 1525 955 1556 fratrum
983 1526 1187 1563 monasterii,
1213 1534 1360 1566 gravans
1387 1526 1482 1566 ipsos
1507 1526 1636 1563 isitres,
1664 1526 1719 1557 nbi
1746 1527 1841 1566 ipsas
1867 1527 2031 1566 pecunias

209 1590 259 1620 vel
287 1589 552 1629 assignationem
579 1589 781 1619 creditorum
808 1589 1061 1628 consequantur
1086 1589 1118 1618 et
1142 1588 1405 1628 acceptaverint,
1431 1588 1473 1619 ad
1501 1588 1792 1619 sollennizandum
1819 1597 1892 1619 cum
1925 1589 2027 1620 missa

212 1652 241 1683 in
268 1654 367 1683 cantii
394 1654 424 1682 et
450 1651 526 1683 aliis
551 1651 677 1682 divinis
703 1650 825 1682 officiis
852 1651 937 1681 diem
965 1650 1087 1681 festum
1119 1650 1205 1681 beati
1233 1650 1364 1681 Nicolai
1392 1651 1425 1683 (6
1451 1647 1531 1688 dic.)
1558 1651 1588 1681 in
1617 1650 1758 1681 salutem
1785 1651 1895 1681 anime
1923 1651 2031 1690 ipsius

215 1715 386 1746 testatoris
405 1717 435 1745 et
461 1713 695 1745 defunctorum
723 1713 764 1744 de
791 1714 863 1744 eius
890 1713 1026 1747 familia.
1053 1713 1142 1743 omni
1169 1721 1258 1743 anno
1282 1721 1389 1753 usque
1416 1713 1447 1743 in
1474 1714 1684 1753 perpetuum.
1711 1711 1811 1749 Quod
1839 1713 1865 1743 si
1891 1712 2030 1753 prefatis

207 1777 432 1817 infrascriptis
459 1776 642 1808 heredibus
677 1776 739 1807 boc
766 1775 876 1807 facere
904 1784 968 1806 non
996 1775 1167 1815 placuerit,
1194 1783 1230 1806 se
1256 1774 1358 1806 libere
1385 1775 1521 1806 remittit
1546 1784 1661 1806 eorum
1689 1775 1865 1806 voluntati.

940 1976 1288 2017 CMLXXIV.

204 2087 231 2114 11
258 2086 412 2115 Comune
438 2086 472 2114 di
499 2085 609 2114 Pavia
636 2086 819 2114 eondanna
846 2085 961 2113 alcuni
981 2085 1137 2113 Paratici
1162 2093 1223 2121 per
1248 2093 1353 2113 avere
1379 2093 1524 2112 ornesso
1550 2084 1701 2112 l'osferta
1726 2093 1745 2112 a
1780 2085 1813 2115 S,
1840 2084 2023 2120 Agostino.

852 2206 1007 2238 1360,
1036 2208 1260 2238 egosto,
1292 2206 1383 2231 29.

647 2296 723 2316 iArclii
740 2295 776 2316 ‹lel
793 2295 876 2316 Museo
892 2295 913 2315 di
929 2296 986 2315 stor.
1003 2296 1063 2320 patr,
1080 2295 1101 2315 di
1119 2294 1188 2315 Pavia
1205 2305 1213 2309 -
1229 2294 1308 2319 Pavia,
1326 2294 1426 2321 Offerre,
1443 2300 1515 2320 paceo
1530 2295 1586 2315 ⁴05¹,

220 2502 222 2531 Ι
266 2457 409 2573 M
442 2473 534 2506 mx,
561 2469 615 2500 die
642 2468 684 2499 29
710 2466 865 2508 Augusti.

220 2534 221 2564 ζ
559 2532 723 2563 Mandato
748 2530 958 2562 dominorum
985 2528 1229 2569 Deputatoriim
1256 2527 1362 2559 offitio
1400 2526 1635 2558 provisionum
1674 2527 1850 2567 magnifice
1875 2527 2022 2558 civitatis

471 2594 585 2635 Papie,
605 2595 750 2624 instante
774 2594 805 2624 et
831 2593 1020 2632 requirente
1046 2590 1085 2622 D.
1113 2590 1259 2621 lolianiie
1286 2589 1433 2622 Steffano
1461 2589 1649 2623 Rovescala
1676 2590 1864 2621 massarolo
1892 2590 2019 2630 prefate

202 2658 439 2695 Comuiiitatis,
465 2658 684 2698 pignorentur
709 2658 739 2687 et
766 2656 969 2686 derobentur
987 2654 1146 2685 consules
1173 2652 1399 2683 Paraticorum
1420 2652 1707 2692 infrascriptorum
1728 2653 1768 2684 de
1794 2654 1825 2683 et
1845 2662 1903 2692 pro
1923 2652 2021 2683 infra<

203 2722 336 2762 scriptis
363 2721 578 2761 pecuniarum
604 2722 633 2751 et
660 2728 733 2750 cere
760 2717 1015 2758 quantitatibus,
1042 2716 1082 2747 de
1109 2716 1234 2755 quibus
1260 2715 1391 2746 fuerunt
1417 2718 1446 2746 et
1473 2717 1549 2745 sunt
1575 2715 1755 2750 debitores,
1781 2723 1821 2745 eo
1848 2715 1924 2753 quia
1953 2723 2016 2744 non

203 2785 386 2823 portarunt,
413 2783 505 2813 iuxta
532 2782 677 2817 solitum,
704 2782 801 2820 prout
827 2779 1035 2814 tenebantur,
1065 2779 1186 2809 torcias
1223 2778 1265 2808 ad
1303 2777 1499 2808 oblaciones
1537 2776 1642 2808 factas
1669 2777 1699 2807 in
1738 2777 1860 2807 diebus
1886 2776 2018 2807 festivis

202 2845 434 2885 infrascriptis.
462 2844 539 2875 ltem
565 2846 596 2875 et
622 2852 681 2883 pro
707 2851 793 2883 pena
821 2842 921 2873 unius
946 2841 1061 2872 floreni
1090 2842 1221 2871 monete
1248 2848 1307 2879 pro
1334 2839 1466 2879 singula
1493 2839 1564 2870 vice
1591 2847 1648 2878 per
1674 2839 1768 2878 ipsos
1799 2839 1968 2878 paraticos
1987 2841 2017 2868 et

203 2916 261 2939 seu
287 2907 471 2947 quemlibet
497 2915 611 2937 eorum
639 2906 773 2937 incursa
800 2905 891 2936 iuxta
919 2904 1055 2935 solitum
1082 2905 1113 2934 et
1146 2902 1283 2933 ordines
1320 2901 1478 2938 civitatis,
1505 2903 1536 2932 et
1573 2901 1631 2932 liec
1668 2901 1780 2931 omnia
1806 2903 2016 2939 exequantur

202 2978 260 3010 per
284 2978 531 3009 quemcumque
556 2969 753 3000 servitorem
780 2969 811 2998 et
836 2966 996 2998 familiam
1023 2967 1260 3006 opportunam,
1287 2963 1403 2999 taliter,
1429 2965 1490 2994 etc.
