2305 3407
1991 198 2033 229 67

222 337 334 369 relicta
352 346 410 377 per
427 336 551 367 dictum
570 335 741 375 quondam
769 333 948 365 Iohannem
975 334 1139 374 pertinere
1165 333 1254 364 dicto
1280 332 1494 369 monasterio,
1522 332 1636 373 vigore
1661 332 1748 363 dicte
1775 332 1979 369 oblationis;
2005 335 2035 363 et

223 409 282 440 pro
308 401 401 440 parte
426 398 505 429 dicti
533 397 724 428 Francischi
752 396 916 427 diceretur
941 398 1046 427 totum
1073 395 1280 436 oppositum,
1307 396 1442 434 propter
1479 394 1603 424 dictum
1630 396 1876 431 testamentum,
1902 396 1932 425 et
1958 394 2035 425 alle-

222 463 354 503 garetur
379 461 502 492 dictam
529 459 735 491 oblationem
762 458 885 489 nullam
912 467 988 490 esse
1013 467 1054 489 ex
1074 467 1114 489 eo
1129 458 1274 489 maxime
1289 457 1367 497 quia
1382 457 1492 487 dictus
1511 455 1686 493 lohannes,
1706 458 1782 496 post
1801 456 1923 487 dictam
1943 456 2037 486 obla-

222 524 356 557 tionem.
383 523 504 554 vixerit
529 530 662 562 semper
688 530 763 552 eum
792 530 896 552 uxore
922 523 953 551 et
979 521 1128 552 habitum
1156 520 1319 551 dictorum
1348 518 1496 550 Fratrum
1524 527 1704 558 numquam
1721 519 1907 558 susceperit
1932 521 1962 549 et
1989 528 2038 549 re-

223 588 333 617 motus
359 586 390 616 in
416 587 521 616 totum
547 593 565 615 a
591 584 689 615 dietis
715 583 887 614 Fratribus
912 586 943 614 et
968 586 1061 614 extra
1089 582 1328 613 monasterium
1355 581 1540 621 predictum
1579 581 1700 611 vixerit
1727 581 1757 611 in
1784 581 1909 618 seculo,
1940 583 2037 620 prout

222 650 319 679 antea
345 647 525 678 vivebat...
551 644 705 685 Cumque
732 645 772 676 de
800 646 945 685 presenti
988 645 1098 676 dictus
1136 644 1359 676 Francisclius
1386 643 1567 683 reperiatur
1592 651 1667 674 esse
1695 643 1724 673 in
1751 643 1873 674 actuali
1901 651 2039 683 posses-

223 710 317 741 sione
343 709 505 740 bonoruin
532 710 563 739 et
589 707 784 738 hereditatis
809 707 997 738 relictorum
1025 716 1083 747 per
1108 707 1232 738 dictum
1261 706 1431 746 quondam
1460 705 1649 736 Iohannem.
1668 707 1698 735 et
1717 705 1757 735 de
1775 713 1943 735 consensu
1970 713 2040 735 am—

223 772 339 803 barum
366 771 508 811 partium
535 770 622 801 tacta
659 772 749 801 esset
787 770 947 801 comissio
975 779 1032 810 per
1058 770 1184 800 litteras
1216 769 1331 813 ‘regias
1371 767 1555 799 reverendo
1592 770 1622 798 et
1663 768 1932 807 prestantissimo
1959 767 2040 798 iuris

224 834 398 873 utriusque
423 833 551 864 doctori
578 834 608 863 et
633 833 725 872 regio
763 833 908 863 senatori
946 832 1084 863 domino
1122 831 1244 863 Iacobo
1281 830 1441 870 Philippo
1479 829 1672 867 Simonette,
1711 832 1744 860 ut
1773 830 2039 861 controversiam

224 896 417 927 huiusmodi
444 895 643 935 intelligeret
669 897 699 926 et
725 895 905 932 decideret,
943 894 1076 926 tandem
1116 893 1355 925 interveniente
1382 893 1455 924 eius
1481 901 1594 932 opera,
1621 892 1745 932 placuit
1778 893 1930 932 partibus
1956 893 2040 933 ipsis

224 958 266 990 ab
292 959 485 990 huiusmodi
527 958 642 989 litibus
668 960 698 988 et
724 958 963 988 controversiis
1003 957 1176 987 discedere
1202 958 1232 986 et
1258 956 1345 986 viam
1388 955 1481 995 pacis
1507 957 1536 986 et
1569 955 1758 986 amicabilis
1783 955 2040 994 comprffiitionis

223 1020 425 1060 amplecti...
453 1020 536 1051 Hinc
563 1022 614 1051 est
640 1020 732 1060 quod
759 1020 962 1050 venerabilis
988 1019 1146 1050 dominus
1172 1018 1270 1049 frater
1298 1017 1494 1048 Laurentius
1521 1017 1560 1048 de
1588 1017 1829 1057 Lampugnano
1849 1016 1943 1048 Prior
1960 1018 2039 1048 dicti

225 1083 416 1114 monasterii
443 1083 549 1113 sancti
577 1081 670 1113 Pauli
697 1090 735 1113 ac
763 1082 915 1113 sindicus
941 1084 971 1112 et
997 1083 1193 1121 procurator
1218 1080 1297 1111 dicti
1325 1080 1528 1113 monasterii,
1556 1079 1728 1110 addivie‘ne
1753 1079 1805 1110 col
1828 1079 1914 1110 detto
1940 1079 2042 1110 Fran-

225 1153 318 1176 cesco
343 1144 430 1175 della
456 1143 542 1184 Ripa
568 1144 613 1175 acl
636 1144 752 1175 alcum>
777 1144 982 1175 trunsuzimu'
1005 1152 1020 1174 e
1041 1143 1248 1183 pattuizioni,
1272 1151 1333 1182 per
1354 1143 1415 1180 cui,
1441 1142 1547 1173 divisa
1563 1142 1595 1173 Ιιι
1612 1144 1770 1173 sostunzu
1788 1142 1961 1173 eredituria
1987 1141 2042 1172 del

225 1206 358 1247 defunto
386 1205 553 1238 Gt‘ovunni
576 1207 607 1237 ιή
633 1208 678 1237 tre
698 1207 796 1246 parri,
823 1206 885 1237 due
909 1206 1004 1237 siano
1030 1205 1083 1236 del
1107 1207 1302 1241 monastero,
1330 1205 1362 1235 la
1388 1207 1476 1236 terzo
1502 1204 1555 1235 del
1578 1204 1729 1235 suddetto
1755 1204 1947 1235 Francesca
1968 1204 2042 1235 L'i-

225 1270 400 1300 strumento
426 1268 442 1299 ἑ
467 1268 592 1299 reciatto
617 1269 648 1299 ιή
675 1268 811 1305 Miluno,
837 1268 923 1299 nella
949 1276 1029 1299 casu
1054 1268 1107 1299 del
1132 1267 1313 1299 Simonetta
1338 1268 1370 1298 in
1396 1266 1703 1306 Potwssomasina
1729 1267 1760 1298 in
1786 1266 1984 1297 Purrocclu'a
2009 1267 2043 1297 cii

228 1330 260 1363 S.
290 1329 456 1362 Οίοναηηὶ
480 1330 567 1361 dalle
592 1332 721 1369 quattro
739 1329 861 1370 fache.
883 1338 944 1370 per
966 1338 1064 1361 mano
1090 1329 1143 1360 (iel
1165 1330 1278 1360 notaio
1304 1329 1487 1360 Francesco
1513 1329 1552 1360 de
1578 1329 1733 1369 &adagio
1751 1326 1812 1367 (l).

974 1530 1298 1571 DCCXXIII.

314 1649 343 1678 11
369 1649 531 1685 Capitolo
557 1648 591 1677 di
617 1649 649 1680 S.
676 1648 849 1684 Agostino
876 1648 987 1676 vende
1012 1657 1057 1676 un
1083 1652 1359 1684 appezzamento
1383 1648 1417 1676 di
1442 1653 1580 1676 terreno
1606 1657 1671 1676 con
1695 1657 1763 1676 una
1790 1656 1887 1676 casa.

836 1770 983 1802 1610,
1012 1772 1364 1802 lmovembre9
1393 1770 1445 1796 S.

764 1868 841 1889 *Arclr
858 1868 938 1888 Notar.
955 1867 976 1888 di
994 1867 1063 1888 Pavia
1079 1879 1104 1881 —
1120 1868 1167 1888 Atti
1184 1868 1205 1888 di
1222 1867 1279 1888 Gian
1295 1868 1409 1893 Agostino
1425 1868 1492 1893 Negri
1511 1885 1514 1888 Δ

337 2060 386 2175 Ι
472 2049 503 2124 {N
529 2075 731 2106 monasterio
757 2075 861 2106 sancti
889 2073 1068 2115 Augustini
1096 2073 1243 2115 Papie....
1270 2073 1512 2107 Convocato....
1538 2073 1697 2115 Capitulo
1723 2075 1915 2106 monasterii
1942 2076 2046 2106 sancti

502 2136 681 2177 Augustini
708 2135 822 2177 Papie‚
848 2135 987 2168 Ordinis
1014 2136 1256 2168 Heremitarum
1283 2137 1389 2168 sancti
1416 2136 1641 2178 Augustini....
1667 2137 1707 2168 de
1734 2137 1935 2168 mandato...
1955 2146 2048 2168 reve-

258 2234 405 2235 ῂῖψ
422 2211 474 2235 *y
501 2199 593 2230 rendi
620 2207 715 2230 sacre
741 2198 909 2239 theologie
936 2198 1140 2238 professoris
1177 2199 1302 2230 domini
1334 2200 1482 2240 magistri
1517 2198 1685 2231 Gabrielis
1711 2199 1751 2230 de
1779 2198 1894 2239 Papia,
1922 2198 2047 2231 Prioris

234 2261 312 2292 dicti
339 2262 577 2292 monasterii....
604 2261 635 2291 in
662 2269 729 2301 quo
755 2261 891 2300 quidem
930 2259 1088 2301 Capitulo
1125 2261 1258 2292 fuerunt
1295 2261 1444 2301 prefatus
1470 2262 1628 2293 dominus
1655 2261 1748 2292 Prior
1773 2264 1804 2293 et
1830 2261 2048 2294 Venerabiles

233 2324 359 2354 domini
387 2323 504 2354 fratres
530 2324 689 2363 magister
715 2322 881 2354 lohannes
907 2323 1163 2355 Bertholameus
1181 2323 1222 2355 de
1241 2323 1422 2354 Valmaclia
1442 2332 1571 2364 regens,
1598 2324 1757 2364 magister
1782 2323 1901 2355 Petrus
1926 2324 1966 2355 de
1985 2322 2050 2356 Ca—

235 2388 408 2423 stronovo,
435 2385 593 2426 magister
619 2385 813 2416 Leonardus
839 2385 879 2416 de
907 2385 936 2416 la
962 2383 1093 2425 Spezia,
1119 2385 1220 2416 frater
1245 2385 1403 2417 Albertus
1429 2386 1469 2416 de
1496 2385 1693 2417 Mediolano
1734 2386 1922 2424 bacilerius,
1949 2386 2049 2418 frater

236 2447 355 2479 Vitalis
381 2447 421 2478 de
448 2446 610 2478 Anchona
637 2447 748 2485 lector,
774 2446 873 2478 frater
898 2447 1060 2478 Nicolaus
1086 2447 1127 2478 de
1154 2447 1311 2479 Fazardis
1337 2448 1499 2485 sindicus,
1536 2447 1635 2479 frater
1675 2447 1838 2480 Nicolaus
1864 2449 1905 2480 de
1930 2447 2048 2481 Cumis

235 2510 403 2550 subprior,
430 2509 529 2541 trater
555 2508 681 2540 Paulus
706 2510 747 2540 de
773 2508 964 2541 Castelacio
990 2518 1117 2547 cursor,
1143 2509 1244 2541 frater
1269 2508 1436 2541 Antonius
1461 2510 1502 2541 de
1528 2508 1719 2542 Castelacio
1748 2519 1864 2541 cursor
1903 2508 2050 2550 (cancel-

236 2570 330 2611 lato),
357 2571 456 2603 frater
482 2571 683 2603 Vincencius
708 2572 749 2602 de
775 2571 927 2602 Bononia
964 2580 1091 2609 cursor,
1129 2571 1229 2603 frater
1267 2571 1392 2603 Paulus
1418 2572 1459 2604 de
1494 2571 1632 2613 Bugella
1669 2581 1785 2604 cursor
1821 2570 2046 2613 (cancellato),

237 2633 336 2665 frater
361 2632 472 2666 Sanus
499 2634 539 2665 de
566 2631 789 2675 Codognolla‚
816 2633 916 2665 frater
942 2633 1086 2665 Micnacl
1113 2633 1153 2665 de
1169 2633 1284 2674 Papia,
1311 2633 1411 2666 trater
1425 2634 1587 2666 Nicolaus
1602 2635 1642 2666 de
1658 2634 1856 2673 Belenzona‚
1872 2635 1971 2667 trater
1986 2635 2052 2667 Au-

298 2801 327 2823 (lJ
343 2800 368 2821 Αἰ
386 2800 410 2821 18
424 2800 446 2820 di
462 2801 597 2825 settembre,
612 2805 655 2820 con
671 2801 721 2820 atto
737 2801 819 2825 rogato
835 2800 863 2820 da
879 2799 936 2820 Gian
952 2799 1047 2820 Alberto
1069 2799 1119 2819 Mo>
1227 2799 1252 2819 Αἰ
1268 2799 1279 2819 7
1302 2799 1418 2820 dicembrc
1434 2800 1447 2820 il
1464 2799 1571 2825 Capitolo
1594 2802 1664 2821 trzitta
1688 2806 1728 2826 per
1743 2802 1763 2821 la
1780 2801 1872 2822 vendit-'1
1888 2801 1909 2821 di
1926 2806 1970 2821 una
1993 2806 2046 2821 cas-*1

245 2849 319 2869 rasco,
334 2844 348 2864 il
364 2844 472 2870 Capitolo
487 2844 508 2865 di
525 2844 546 2865 5.
565 2844 635 2865 l'aolo
651 2845 730 2870 elegge
746 2844 750 2864 i
767 2844 817 2865 suoi
835 2844 981 2865 Procuratori
994 2850 1033 2869 per
1049 2844 1069 2864 la
1085 2844 1116 2864 di<
1172 2849 1253 2869 presso
1270 2846 1336 2869 porta
1353 2843 1440 2869 Salam,
1457 2847 1583 2870 pert-enum
1600 2845 1620 2865 sil
1641 2846 1762 2866 Cunvento
1785 2846 1927 2866 dalla-rediri·
1951 2846 1971 2865 di
1995 2846 2037 2866 Gis>

244 2888 332 2908 visione
347 2888 382 2909 dei
398 2889 458 2914 beni,
474 2889 497 2909 di
512 2889 547 2910 cui
564 2889 598 2909 nel
615 2890 695 2909 nostro
711 2889 860 2911 documento.
1172 2889 1238 2908 vanni
1255 2888 1313 2909 della
1331 2888 1394 2913 Riva,
1411 2889 1446 2914 pel
1463 2894 1548 2914 premi»
1564 2890 1584 2909 dl
1601 2890 1640 2910 300
1655 2890 1748 2913 ducati,
1771 2891 1863 2910 venditu
1887 2891 1987 2915 imposta
2010 2890 2046 2910 d..1

298 2932 323 2952 Αἰ
338 2932 364 2953 23
378 2933 512 2959 settembre,
528 2938 570 2954 con
586 2935 636 2954 atto
652 2933 711 2954 dello
732 2935 808 2954 stesso
824 2934 912 2958 notaio,
928 2933 941 2954 il
958 2933 1036 2953 Priore
1057 2933 1115 2953 tratc
1172 2933 1235 2953 molti
1251 2933 1322 2953 debiti
1339 2933 1374 2953 dcl
1391 2934 1531 2954 monastero.
1550 2934 1564 2954 ll
1580 2934 1682 2954 secondo
1699 2936 1796 2955 truttam
1812 2935 1830 2954 si
1846 2933 1866 2954 ta
1883 2935 1903 2954 ai
1919 2935 1944 2954 20
1965 2934 2037 2954 dicem

247 2975 348 2997 Lorenzo
364 2977 520 3003 Lampugnani
536 2977 557 2998 di
574 2978 661 2998 Milano
676 2983 688 2999 c
704 2978 831 2999 Francesco
847 2978 905 2999 deila
929 2977 983 2999 Riva
1006 2978 1118 3003 eleggnno
1174 2978 1221 2998 bre.
1238 2977 1272 2998 Gli
1288 2978 1330 2998 atti
1346 2983 1404 2998 sono
1420 2978 1456 2998 dcl
1472 2979 1551 2999 notaio
1567 2978 1624 2999 Gran
1648 2978 1773 2999 Donicnico
1796 2979 1891 2999 Ferrari.
1908 2979 1963 2999 Vcdi
1980 2979 1993 2999 il
2009 2979 2044 2998 ‹lo-

245 3019 266 3040 di
282 3025 378 3041 comune
392 3021 492 3042 accordo
507 3022 687 3048 l’agrimensore
703 3023 806 3043 Lorenzo
822 3022 905 3044 Gentili
931 3028 971 3049 per
993 3023 1118 3048 procedere
1173 3024 1282 3043 cume-nto
1297 3022 1333 3043 del
1351 3022 1374 3043 13
1388 3022 1504 3043 dicembre
1523 3024 1572 3044 1510
1587 3028 1598 3043 e
1614 3023 1692 3048 quello
1707 3023 1742 3044 dcl
1758 3024 1780 3043 21
1798 3023 1902 3044 tchbraio
1920 3024 1975 3044 1511.

246 3064 289 3085 alla
305 3064 418 3087 divisione
433 3066 468 3087 dei
485 3066 544 3087 beni.
