<?xml version="1.0" encoding="UTF-8"?>
<!DOCTYPE html PUBLIC "-//W3C//DTD XHTML 1.0 Transitional//EN"
    "http://www.w3.org/TR/xhtml1/DTD/xhtml1-transitional.dtd">
<html xmlns="http://www.w3.org/1999/xhtml" xml:lang="en" lang="en">
 <head>
  <title>
</title>
<meta http-equiv="Content-Type" content="text/html;charset=utf-8" />
  <meta name='ocr-system' content='tesseract 3.04.00' />
  <meta name='ocr-capabilities' content='ocr_page ocr_carea ocr_par ocr_line ocrx_word'/>
</head>
<body>
  <div class='ocr_page' id='page_1' title='image "./codexdiplomaticu03maiouoft_0302.png"; bbox 0 0 2305 3407; ppageno 0'>
   <div class='ocr_carea' id='block_1_1' title="bbox 290 118 356 150">
    <p class='ocr_par' dir='ltr' id='par_1_1' title="bbox 290 118 356 150">
     <span class='ocr_line' id='line_1_1' title="bbox 290 118 356 150; baseline 0 0"><span class='ocrx_word' id='word_1_1' title='bbox 290 118 356 150; x_wconf 85' lang='lat'>230</span> 
     </span>
    </p>
   </div>
   <div class='ocr_carea' id='block_1_2' title="bbox 278 182 2051 192">
    <p class='ocr_par' dir='ltr' id='par_1_2' title="bbox 278 182 2051 192">
     <span class='ocr_line' id='line_1_2' title="bbox 278 182 2051 192; baseline 0 0"><span class='ocrx_word' id='word_1_2' title='bbox 278 182 2051 192; x_wconf 95' lang='lat' dir='ltr'> </span> 
     </span>
    </p>
   </div>
   <div class='ocr_carea' id='block_1_3' title="bbox 284 248 2108 725">
    <p class='ocr_par' dir='ltr' id='par_1_3' title="bbox 284 248 2108 725">
     <span class='ocr_line' id='line_1_3' title="bbox 286 248 2106 291; baseline -0.001 -9"><span class='ocrx_word' id='word_1_3' title='bbox 286 251 364 282; x_wconf 92' lang='lat' dir='ltr'>novi</span> <span class='ocrx_word' id='word_1_4' title='bbox 392 250 623 291; x_wconf 85' lang='lat' dir='ltr'>impedimenti</span> <span class='ocrx_word' id='word_1_5' title='bbox 649 250 710 281; x_wconf 85' lang='lat' dir='ltr'>che</span> <span class='ocrx_word' id='word_1_6' title='bbox 735 250 763 281; x_wconf 91' lang='lat' dir='ltr'>ci</span> <span class='ocrx_word' id='word_1_7' title='bbox 790 258 977 281; x_wconf 84' lang='lat' dir='ltr'>occorrono</span> <span class='ocrx_word' id='word_1_8' title='bbox 1003 258 1069 280; x_wconf 92' lang='lat' dir='ltr'>non</span> <span class='ocrx_word' id='word_1_9' title='bbox 1097 249 1272 289; x_wconf 88' lang='lat' dir='ltr'>possiamo</span> <span class='ocrx_word' id='word_1_10' title='bbox 1298 250 1331 280; x_wconf 89' lang='lat' dir='ltr'>di</span> <span class='ocrx_word' id='word_1_11' title='bbox 1359 249 1402 280; x_wconf 93' lang='lat' dir='ltr'>lui</span> <span class='ocrx_word' id='word_1_12' title='bbox 1429 249 1582 286; x_wconf 88' lang='lat' dir='ltr'>servirvi‚</span> <span class='ocrx_word' id='word_1_13' title='bbox 1608 248 1716 280; x_wconf 89' lang='lat' dir='ltr'>sendo</span> <span class='ocrx_word' id='word_1_14' title='bbox 1734 248 1787 289; x_wconf 76' lang='lat' dir='ltr'>gia</span> <span class='ocrx_word' id='word_1_15' title='bbox 1806 248 1838 279; x_wconf 94' lang='lat' dir='ltr'>di</span> <span class='ocrx_word' id='word_1_16' title='bbox 1859 249 1902 280; x_wconf 92' lang='lat' dir='ltr'>lui</span> <span class='ocrx_word' id='word_1_17' title='bbox 1921 248 2004 280; x_wconf 81' lang='lat' dir='ltr'>fatto</span> <span class='ocrx_word' id='word_1_18' title='bbox 2021 248 2106 280; x_wconf 90' lang='lat' dir='ltr'>altro</span> 
     </span>
     <span class='ocr_line' id='line_1_4' title="bbox 285 309 2107 357; baseline -0.002 -12"><span class='ocrx_word' id='word_1_19' title='bbox 285 313 458 354; x_wconf 87' lang='lat' dir='ltr'>dissegno.</span> <span class='ocrx_word' id='word_1_20' title='bbox 485 312 542 344; x_wconf 86' lang='lat' dir='ltr'>Ma</span> <span class='ocrx_word' id='word_1_21' title='bbox 568 312 598 344; x_wconf 89' lang='lat' dir='ltr'>al</span> <span class='ocrx_word' id='word_1_22' title='bbox 625 315 838 357; x_wconf 80' lang='lat' dir='ltr'>temposuo</span> <span class='ocrx_word' id='word_1_23' title='bbox 875 321 941 343; x_wconf 91' lang='lat' dir='ltr'>non</span> <span class='ocrx_word' id='word_1_24' title='bbox 980 311 1218 342; x_wconf 82' lang='lat' dir='ltr'>mancharemo</span> <span class='ocrx_word' id='word_1_25' title='bbox 1244 311 1276 342; x_wconf 92' lang='lat' dir='ltr'>di</span> <span class='ocrx_word' id='word_1_26' title='bbox 1303 311 1352 342; x_wconf 85' lang='lat' dir='ltr'>tar</span> <span class='ocrx_word' id='word_1_27' title='bbox 1377 311 1420 342; x_wconf 89' lang='lat' dir='ltr'>tal</span> <span class='ocrx_word' id='word_1_28' title='bbox 1448 311 1668 351; x_wconf 91' lang='lat' dir='ltr'>provvisione</span> <span class='ocrx_word' id='word_1_29' title='bbox 1693 311 1754 342; x_wconf 84' lang='lat' dir='ltr'>che</span> <span class='ocrx_word' id='word_1_30' title='bbox 1780 309 1844 341; x_wconf 92' lang='lat' dir='ltr'>Dio</span> <span class='ocrx_word' id='word_1_31' title='bbox 1871 319 1910 341; x_wconf 89' lang='lat' dir='ltr'>ne</span> <span class='ocrx_word' id='word_1_32' title='bbox 1936 311 2011 342; x_wconf 80' lang='lat' dir='ltr'>sara</span> <span class='ocrx_word' id='word_1_33' title='bbox 2038 311 2107 342; x_wconf 84' lang='lat' dir='ltr'>lau-</span> 
     </span>
     <span class='ocr_line' id='line_1_5' title="bbox 284 372 2105 414; baseline -0.001 -8"><span class='ocrx_word' id='word_1_34' title='bbox 284 376 364 406; x_wconf 89' lang='lat' dir='ltr'>dato</span> <span class='ocrx_word' id='word_1_35' title='bbox 389 377 421 406; x_wconf 91' lang='lat' dir='ltr'>et</span> <span class='ocrx_word' id='word_1_36' title='bbox 448 375 476 406; x_wconf 91' lang='lat' dir='ltr'>la</span> <span class='ocrx_word' id='word_1_37' title='bbox 503 377 616 406; x_wconf 87' lang='lat' dir='ltr'>vostra</span> <span class='ocrx_word' id='word_1_38' title='bbox 654 372 728 406; x_wconf 76' lang='lat' dir='ltr'>Cita</span> <span class='ocrx_word' id='word_1_39' title='bbox 767 374 829 405; x_wconf 89' lang='lat' dir='ltr'>ben</span> <span class='ocrx_word' id='word_1_40' title='bbox 868 374 1034 405; x_wconf 79' lang='lat' dir='ltr'>edificata.</span> <span class='ocrx_word' id='word_1_41' title='bbox 1062 372 1088 404; x_wconf 97' lang='lat' dir='ltr'>A</span> <span class='ocrx_word' id='word_1_42' title='bbox 1115 375 1229 405; x_wconf 88' lang='lat' dir='ltr'>vostra</span> <span class='ocrx_word' id='word_1_43' title='bbox 1255 374 1344 405; x_wconf 88' lang='lat' dir='ltr'>bona</span> <span class='ocrx_word' id='word_1_44' title='bbox 1369 373 1482 414; x_wconf 81' lang='lat' dir='ltr'>gracia</span> <span class='ocrx_word' id='word_1_45' title='bbox 1507 373 1534 405; x_wconf 93' lang='lat' dir='ltr'>si</span> <span class='ocrx_word' id='word_1_46' title='bbox 1561 373 1872 404; x_wconf 88' lang='lat' dir='ltr'>racommandiamo</span> <span class='ocrx_word' id='word_1_47' title='bbox 1909 373 2105 413; x_wconf 82' lang='lat' dir='ltr'>pregandoli</span> 
     </span>
     <span class='ocr_line' id='line_1_6' title="bbox 284 432 2108 476; baseline -0.002 -7"><span class='ocrx_word' id='word_1_48' title='bbox 284 439 375 469; x_wconf 87' lang='lat' dir='ltr'>tener</span> <span class='ocrx_word' id='word_1_49' title='bbox 401 438 467 469; x_wconf 90' lang='lat' dir='ltr'>bon</span> <span class='ocrx_word' id='word_1_50' title='bbox 493 439 593 468; x_wconf 92' lang='lat' dir='ltr'>conto</span> <span class='ocrx_word' id='word_1_51' title='bbox 619 437 672 468; x_wconf 92' lang='lat' dir='ltr'>del</span> <span class='ocrx_word' id='word_1_52' title='bbox 700 436 905 467; x_wconf 85' lang='lat' dir='ltr'>monasterio</span> <span class='ocrx_word' id='word_1_53' title='bbox 931 437 1046 466; x_wconf 90' lang='lat' dir='ltr'>nostro</span> <span class='ocrx_word' id='word_1_54' title='bbox 1072 438 1103 467; x_wconf 90' lang='lat' dir='ltr'>et</span> <span class='ocrx_word' id='word_1_55' title='bbox 1128 443 1191 466; x_wconf 91' lang='lat' dir='ltr'>suo</span> <span class='ocrx_word' id='word_1_56' title='bbox 1208 432 1270 475; x_wconf 87' lang='lat' dir='ltr'>(l),</span> <span class='ocrx_word' id='word_1_57' title='bbox 1295 436 1438 467; x_wconf 79' lang='lat' dir='ltr'>debitori</span> <span class='ocrx_word' id='word_1_58' title='bbox 1465 435 1519 466; x_wconf 92' lang='lat' dir='ltr'>noi</span> <span class='ocrx_word' id='word_1_59' title='bbox 1546 435 1578 466; x_wconf 96' lang='lat' dir='ltr'>di</span> <span class='ocrx_word' id='word_1_60' title='bbox 1606 443 1745 475; x_wconf 86' lang='lat' dir='ltr'>pregare</span> <span class='ocrx_word' id='word_1_61' title='bbox 1773 435 1792 465; x_wconf 96' lang='grc'>11</span> <span class='ocrx_word' id='word_1_62' title='bbox 1819 433 1941 476; x_wconf 87' lang='lat' dir='ltr'>Signor</span> <span class='ocrx_word' id='word_1_63' title='bbox 1967 433 2031 466; x_wconf 93' lang='lat' dir='ltr'>Dio</span> <span class='ocrx_word' id='word_1_64' title='bbox 2050 443 2108 475; x_wconf 90' lang='lat' dir='ltr'>per</span> 
     </span>
     <span class='ocr_line' id='line_1_7' title="bbox 285 496 2106 539; baseline -0.002 -8"><span class='ocrx_word' id='word_1_65' title='bbox 285 500 314 531; x_wconf 88' lang='lat' dir='ltr'>la</span> <span class='ocrx_word' id='word_1_66' title='bbox 340 499 598 531; x_wconf 78' lang='lat' dir='ltr'>conservatione</span> <span class='ocrx_word' id='word_1_67' title='bbox 624 501 654 530; x_wconf 89' lang='lat' dir='ltr'>et</span> <span class='ocrx_word' id='word_1_68' title='bbox 679 501 886 539; x_wconf 82' lang='lat' dir='ltr'>augumento</span> <span class='ocrx_word' id='word_1_69' title='bbox 923 498 1011 529; x_wconf 85' lang='lat' dir='ltr'>della</span> <span class='ocrx_word' id='word_1_70' title='bbox 1049 500 1164 529; x_wconf 88' lang='lat' dir='ltr'>vostra</span> <span class='ocrx_word' id='word_1_71' title='bbox 1201 497 1385 538; x_wconf 82' lang='lat' dir='ltr'>republica.</span> <span class='ocrx_word' id='word_1_72' title='bbox 1423 496 1524 529; x_wconf 91' lang='lat' dir='ltr'>Datta</span> <span class='ocrx_word' id='word_1_73' title='bbox 1562 498 1592 529; x_wconf 92' lang='lat' dir='ltr'>in</span> <span class='ocrx_word' id='word_1_74' title='bbox 1631 497 1754 529; x_wconf 88' lang='lat' dir='ltr'>Bressa</span> <span class='ocrx_word' id='word_1_75' title='bbox 1787 497 1839 528; x_wconf 94' lang='lat' dir='ltr'>nel</span> <span class='ocrx_word' id='word_1_76' title='bbox 1873 499 2040 528; x_wconf 89' lang='lat' dir='ltr'>convento</span> <span class='ocrx_word' id='word_1_77' title='bbox 2065 497 2106 528; x_wconf 91' lang='lat' dir='ltr'>de</span> 
     </span>
     <span class='ocr_line' id='line_1_8' title="bbox 285 559 2106 601; baseline -0.002 -8"><span class='ocrx_word' id='word_1_78' title='bbox 285 560 317 594; x_wconf 88' lang='lat' dir='ltr'>S.</span> <span class='ocrx_word' id='word_1_79' title='bbox 344 561 510 597; x_wconf 79' lang='lat' dir='ltr'>Barnaba,</span> <span class='ocrx_word' id='word_1_80' title='bbox 537 561 580 592; x_wconf 91' lang='lat' dir='ltr'>ali</span> <span class='ocrx_word' id='word_1_81' title='bbox 607 562 626 593; x_wconf 88' lang='lat'><strong>5</strong></span> <span class='ocrx_word' id='word_1_82' title='bbox 651 561 683 592; x_wconf 86' lang='lat' dir='ltr'>di</span> <span class='ocrx_word' id='word_1_83' title='bbox 712 561 847 601; x_wconf 85' lang='lat' dir='ltr'>maggio</span> <span class='ocrx_word' id='word_1_84' title='bbox 877 560 969 592; x_wconf 89' lang='lat'>1550.</span> <span class='ocrx_word' id='word_1_85' title='bbox 996 559 1046 591; x_wconf 90' lang='lat' dir='ltr'>De</span> <span class='ocrx_word' id='word_1_86' title='bbox 1072 559 1342 591; x_wconf 86' lang='lat' dir='ltr'>consentimento</span> <span class='ocrx_word' id='word_1_87' title='bbox 1368 560 1446 591; x_wconf 85' lang='lat' dir='ltr'>delli</span> <span class='ocrx_word' id='word_1_88' title='bbox 1488 560 1583 600; x_wconf 86' lang='lat' dir='ltr'>padri</span> <span class='ocrx_word' id='word_1_89' title='bbox 1610 561 1803 601; x_wconf 84' lang='lat' dir='ltr'>congregati</span> <span class='ocrx_word' id='word_1_90' title='bbox 1831 559 1882 591; x_wconf 88' lang='lat' dir='ltr'>nel</span> <span class='ocrx_word' id='word_1_91' title='bbox 1908 559 2106 590; x_wconf 78' lang='lat' dir='ltr'>diffinitorio</span> 
     </span>
     <span class='ocr_line' id='line_1_9' title="bbox 285 620 1818 663; baseline -0.001 -8"><span class='ocrx_word' id='word_1_92' title='bbox 285 627 411 655; x_wconf 91' lang='lat' dir='ltr'>nostro.</span> <span class='ocrx_word' id='word_1_93' title='bbox 438 622 478 654; x_wconf 93' lang='lat' dir='ltr'>Di</span> <span class='ocrx_word' id='word_1_94' title='bbox 505 623 543 654; x_wconf 95' lang='lat' dir='ltr'>V.</span> <span class='ocrx_word' id='word_1_95' title='bbox 559 621 591 655; x_wconf 84' lang='lat' dir='ltr'>S.</span> <span class='ocrx_word' id='word_1_96' title='bbox 607 621 646 654; x_wconf 92' lang='lat' dir='ltr'>D.</span> <span class='ocrx_word' id='word_1_97' title='bbox 674 622 755 653; x_wconf 83' lang='lat' dir='ltr'>frate</span> <span class='ocrx_word' id='word_1_98' title='bbox 783 622 934 653; x_wconf 83' lang='lat' dir='ltr'>Honorio</span> <span class='ocrx_word' id='word_1_99' title='bbox 960 621 1101 653; x_wconf 86' lang='lat' dir='ltr'>d&#39;Asula</span> <span class='ocrx_word' id='word_1_100' title='bbox 1127 621 1164 653; x_wconf 93' lang='lat' dir='ltr'>V.</span> <span class='ocrx_word' id='word_1_101' title='bbox 1191 631 1221 663; x_wconf 84' lang='lat' dir='ltr'>g.</span> <span class='ocrx_word' id='word_1_102' title='bbox 1248 621 1336 653; x_wconf 86' lang='lat' dir='ltr'>della</span> <span class='ocrx_word' id='word_1_103' title='bbox 1361 620 1643 663; x_wconf 87' lang='lat' dir='ltr'>Congregacione</span> <span class='ocrx_word' id='word_1_104' title='bbox 1669 622 1818 663; x_wconf 87' lang='lat' dir='ltr'>indignO.</span> 
     </span>
     <span class='ocr_line' id='line_1_10' title="bbox 374 682 1252 725; baseline -0.001 -9"><span class='ocrx_word' id='word_1_105' title='bbox 374 685 398 717; x_wconf 86' lang='grc' dir='ltr'><em>Α</em></span> <span class='ocrx_word' id='word_1_106' title='bbox 426 687 537 725; x_wconf 80' lang='lat' dir='ltr'>tergo:</span> <span class='ocrx_word' id='word_1_107' title='bbox 566 684 626 716; x_wconf 92' lang='lat' dir='ltr'>Ala</span> <span class='ocrx_word' id='word_1_108' title='bbox 654 684 840 725; x_wconf 82' lang='lat' dir='ltr'>Magnifica</span> <span class='ocrx_word' id='word_1_109' title='bbox 867 682 1049 716; x_wconf 78' lang='lat' dir='ltr'>Comunita</span> <span class='ocrx_word' id='word_1_110' title='bbox 1075 684 1107 715; x_wconf 93' lang='lat' dir='ltr'>di</span> <span class='ocrx_word' id='word_1_111' title='bbox 1136 683 1252 715; x_wconf 81' lang='lat' dir='ltr'>Pavia.</span> 
     </span>
    </p>
   </div>
   <div class='ocr_carea' id='block_1_4' title="bbox 1026 884 1386 925">
    <p class='ocr_par' dir='ltr' id='par_1_4' title="bbox 1026 884 1386 925">
     <span class='ocr_line' id='line_1_11' title="bbox 1026 884 1386 925; baseline -0.006 0"><span class='ocrx_word' id='word_1_112' title='bbox 1026 884 1386 925; x_wconf 85' lang='lat' dir='ltr'>CMXXVIII.</span> 
     </span>
    </p>
   </div>
   <div class='ocr_carea' id='block_1_5' title="bbox 375 992 1862 1032">
    <p class='ocr_par' dir='ltr' id='par_1_5' title="bbox 375 992 1862 1032">
     <span class='ocr_line' id='line_1_12' title="bbox 375 992 1862 1032; baseline -0.003 -8"><span class='ocrx_word' id='word_1_113' title='bbox 375 997 402 1024; x_wconf 91' lang='lat'>11</span> <span class='ocrx_word' id='word_1_114' title='bbox 430 996 594 1032; x_wconf 85' lang='lat' dir='ltr'>Capitolo</span> <span class='ocrx_word' id='word_1_115' title='bbox 620 995 655 1024; x_wconf 89' lang='lat' dir='ltr'>di</span> <span class='ocrx_word' id='word_1_116' title='bbox 682 996 717 1023; x_wconf 92' lang='lat' dir='ltr'>S.</span> <span class='ocrx_word' id='word_1_117' title='bbox 745 994 918 1031; x_wconf 77' lang='lat' dir='ltr'>Agostino</span> <span class='ocrx_word' id='word_1_118' title='bbox 944 994 1093 1022; x_wconf 88' lang='lat' dir='ltr'>rinnova</span> <span class='ocrx_word' id='word_1_119' title='bbox 1119 993 1174 1021; x_wconf 83' lang='lat' dir='ltr'>un&#39;</span> <span class='ocrx_word' id='word_1_120' title='bbox 1196 993 1406 1021; x_wconf 79' lang='lat' dir='ltr'>investitura</span> <span class='ocrx_word' id='word_1_121' title='bbox 1433 993 1467 1021; x_wconf 91' lang='lat' dir='ltr'>di</span> <span class='ocrx_word' id='word_1_122' title='bbox 1493 992 1572 1021; x_wconf 85' lang='lat' dir='ltr'>beni</span> <span class='ocrx_word' id='word_1_123' title='bbox 1599 992 1633 1020; x_wconf 87' lang='lat' dir='ltr'>in</span> <span class='ocrx_word' id='word_1_124' title='bbox 1658 992 1862 1029; x_wconf 86' lang='lat' dir='ltr'>Groppello.</span> 
     </span>
    </p>
   </div>
   <div class='ocr_carea' id='block_1_6' title="bbox 911 1114 1491 1148">
    <p class='ocr_par' dir='ltr' id='par_1_6' title="bbox 911 1114 1491 1148">
     <span class='ocr_line' id='line_1_13' title="bbox 911 1114 1491 1148; baseline -0.003 -7"><span class='ocrx_word' id='word_1_125' title='bbox 911 1117 1051 1145; x_wconf 64' lang='lat'><strong>1361.</strong></span> <span class='ocrx_word' id='word_1_126' title='bbox 1085 1116 1367 1148; x_wconf 66' lang='lat' dir='ltr'>ge111111109</span> <span class='ocrx_word' id='word_1_127' title='bbox 1401 1114 1491 1140; x_wconf 83' lang='lat'>23.</span> 
     </span>
    </p>
   </div>
   <div class='ocr_carea' id='block_1_7' title="bbox 861 1203 1537 1228">
    <p class='ocr_par' dir='ltr' id='par_1_7' title="bbox 861 1203 1537 1228">
     <span class='ocr_line' id='line_1_14' title="bbox 861 1203 1537 1228; baseline -0.003 -3"><span class='ocrx_word' id='word_1_128' title='bbox 861 1205 938 1228; x_wconf 80' lang='lat' dir='ltr'>(Areli.</span> <span class='ocrx_word' id='word_1_129' title='bbox 956 1204 1036 1225; x_wconf 61' lang='lat' dir='ltr'>Notar.</span> <span class='ocrx_word' id='word_1_130' title='bbox 1054 1204 1075 1224; x_wconf 84' lang='lat' dir='ltr'>di</span> <span class='ocrx_word' id='word_1_131' title='bbox 1093 1204 1171 1224; x_wconf 80' lang='lat' dir='ltr'>l&#39;avia.</span> <span class='ocrx_word' id='word_1_132' title='bbox 1187 1215 1213 1217; x_wconf 97' lang='lat'><strong>—</strong></span> <span class='ocrx_word' id='word_1_133' title='bbox 1229 1203 1277 1224; x_wconf 83' lang='lat' dir='ltr'>Atti</span> <span class='ocrx_word' id='word_1_134' title='bbox 1294 1203 1315 1223; x_wconf 88' lang='lat' dir='ltr'>di</span> <span class='ocrx_word' id='word_1_135' title='bbox 1332 1203 1412 1224; x_wconf 80' lang='lat' dir='ltr'>Nicola</span> <span class='ocrx_word' id='word_1_136' title='bbox 1428 1203 1537 1224; x_wconf 67' lang='lat' dir='ltr'>Aicardii.</span> 
     </span>
    </p>
   </div>
   <div class='ocr_carea' id='block_1_8' title="bbox 529 1408 2113 1574">
    <p class='ocr_par' dir='ltr' id='par_1_8' title="bbox 529 1408 2113 1574">
     <span class='ocr_line' id='line_1_15' title="bbox 535 1408 2113 1450; baseline -0.003 -6"><span class='ocrx_word' id='word_1_137' title='bbox 535 1417 578 1443; x_wconf 70' lang='lat' dir='ltr'>El„</span> <span class='ocrx_word' id='word_1_138' title='bbox 603 1414 761 1444; x_wconf 82' lang='lat' dir='ltr'>convento</span> <span class='ocrx_word' id='word_1_139' title='bbox 786 1412 820 1443; x_wconf 82' lang='lat' dir='ltr'>a&#39;i</span> <span class='ocrx_word' id='word_1_140' title='bbox 844 1410 877 1443; x_wconf 87' lang='lat' dir='ltr'>S.</span> <span class='ocrx_word' id='word_1_141' title='bbox 902 1411 1075 1450; x_wconf 79' lang='lat' dir='ltr'>Agostino,</span> <span class='ocrx_word' id='word_1_142' title='bbox 1103 1410 1250 1441; x_wconf 71' lang='grc' dir='ltr'><em>ιιιίιιηιιίο</em></span> <span class='ocrx_word' id='word_1_143' title='bbox 1276 1409 1299 1440; x_wconf 88' lang='lat' dir='ltr'>il</span> <span class='ocrx_word' id='word_1_144' title='bbox 1323 1409 1478 1450; x_wconf 83' lang='lat' dir='ltr'>capitolo,</span> <span class='ocrx_word' id='word_1_145' title='bbox 1511 1409 1552 1440; x_wconf 93' lang='lat' dir='ltr'>de</span> <span class='ocrx_word' id='word_1_146' title='bbox 1579 1409 1772 1440; x_wconf 87' lang='lat' dir='ltr'>mandato...</span> <span class='ocrx_word' id='word_1_147' title='bbox 1810 1408 2018 1440; x_wconf 87' lang='lat' dir='ltr'>reverendi...</span> <span class='ocrx_word' id='word_1_148' title='bbox 2044 1417 2113 1440; x_wconf 82' lang='lat' dir='ltr'>nia-</span> 
     </span>
     <span class='ocr_line' id='line_1_16' title="bbox 557 1470 2112 1516; baseline -0.003 -10"><span class='ocrx_word' id='word_1_149' title='bbox 557 1476 652 1516; x_wconf 83' lang='lat' dir='ltr'>gistri</span> <span class='ocrx_word' id='word_1_150' title='bbox 679 1475 806 1506; x_wconf 91' lang='lat' dir='ltr'>domini</span> <span class='ocrx_word' id='word_1_151' title='bbox 844 1473 956 1505; x_wconf 85' lang='lat' dir='ltr'>fratris</span> <span class='ocrx_word' id='word_1_152' title='bbox 982 1473 1025 1504; x_wconf 86' lang='lat' dir='ltr'>lo.</span> <span class='ocrx_word' id='word_1_153' title='bbox 1052 1472 1205 1513; x_wconf 84' lang='lat' dir='ltr'>Baptiste</span> <span class='ocrx_word' id='word_1_154' title='bbox 1244 1472 1285 1503; x_wconf 87' lang='lat' dir='ltr'>de</span> <span class='ocrx_word' id='word_1_155' title='bbox 1321 1470 1592 1512; x_wconf 87' lang='lat' dir='ltr'>Cremagnolla...</span> <span class='ocrx_word' id='word_1_156' title='bbox 1630 1470 1768 1508; x_wconf 81' lang='lat' dir='ltr'>Prioris,</span> <span class='ocrx_word' id='word_1_157' title='bbox 1804 1470 1857 1502; x_wconf 83' lang='lat' dir='ltr'>nel</span> <span class='ocrx_word' id='word_1_158' title='bbox 1891 1470 1990 1510; x_wconf 78' lang='lat' dir='ltr'>quale</span> <span class='ocrx_word' id='word_1_159' title='bbox 2014 1478 2112 1502; x_wconf 82' lang='lat' dir='ltr'>erano</span> 
     </span>
     <span class='ocr_line' id='line_1_17' title="bbox 529 1532 2112 1574; baseline -0.004 -4"><span class='ocrx_word' id='word_1_160' title='bbox 529 1534 530 1571; x_wconf 63' lang='grc' dir='ltr'>ἒ</span> <span class='ocrx_word' id='word_1_161' title='bbox 558 1547 618 1570; x_wconf 84' lang='lat' dir='ltr'>con</span> <span class='ocrx_word' id='word_1_162' title='bbox 643 1538 689 1569; x_wconf 84' lang='lat' dir='ltr'>lui</span> <span class='ocrx_word' id='word_1_163' title='bbox 713 1537 814 1569; x_wconf 82' lang='lat' dir='ltr'>frater</span> <span class='ocrx_word' id='word_1_164' title='bbox 840 1536 1044 1568; x_wconf 78' lang='lat' dir='ltr'>Fortunatus</span> <span class='ocrx_word' id='word_1_165' title='bbox 1070 1536 1111 1567; x_wconf 89' lang='lat' dir='ltr'>de</span> <span class='ocrx_word' id='word_1_166' title='bbox 1137 1533 1270 1567; x_wconf 90' lang='lat' dir='ltr'>Cerano</span> <span class='ocrx_word' id='word_1_167' title='bbox 1298 1533 1524 1571; x_wconf 82' lang='lat' dir='ltr'>bachalarius,</span> <span class='ocrx_word' id='word_1_168' title='bbox 1561 1533 1663 1565; x_wconf 83' lang='lat' dir='ltr'>trater</span> <span class='ocrx_word' id='word_1_169' title='bbox 1695 1532 1878 1574; x_wconf 86' lang='lat' dir='ltr'>Angelicus</span> <span class='ocrx_word' id='word_1_170' title='bbox 1904 1533 1944 1564; x_wconf 91' lang='lat' dir='ltr'>de</span> <span class='ocrx_word' id='word_1_171' title='bbox 1971 1533 2112 1564; x_wconf 86' lang='lat' dir='ltr'>Mantua</span> 
     </span>
    </p>
   </div>
   <div class='ocr_carea' id='block_1_9' title="bbox 288 1595 2118 1888">
    <p class='ocr_par' dir='ltr' id='par_1_9' title="bbox 288 1595 2118 1888">
     <span class='ocr_line' id='line_1_18' title="bbox 290 1595 2112 1640; baseline -0.004 -6"><span class='ocrx_word' id='word_1_172' title='bbox 290 1604 405 1640; x_wconf 83' lang='lat' dir='ltr'>lector,</span> <span class='ocrx_word' id='word_1_173' title='bbox 431 1601 532 1633; x_wconf 83' lang='lat' dir='ltr'>trater</span> <span class='ocrx_word' id='word_1_174' title='bbox 558 1600 714 1632; x_wconf 86' lang='lat' dir='ltr'>Andreas</span> <span class='ocrx_word' id='word_1_175' title='bbox 739 1601 890 1631; x_wconf 88' lang='lat' dir='ltr'>aretinus</span> <span class='ocrx_word' id='word_1_176' title='bbox 915 1600 1014 1630; x_wconf 87' lang='lat' dir='ltr'>etiam</span> <span class='ocrx_word' id='word_1_177' title='bbox 1042 1598 1154 1636; x_wconf 85' lang='lat' dir='ltr'>lector,</span> <span class='ocrx_word' id='word_1_178' title='bbox 1181 1597 1282 1629; x_wconf 85' lang='lat' dir='ltr'>frater</span> <span class='ocrx_word' id='word_1_179' title='bbox 1308 1596 1454 1628; x_wconf 83' lang='lat' dir='ltr'>Horfeus</span> <span class='ocrx_word' id='word_1_180' title='bbox 1479 1596 1520 1627; x_wconf 90' lang='lat' dir='ltr'>de</span> <span class='ocrx_word' id='word_1_181' title='bbox 1546 1595 1718 1634; x_wconf 85' lang='lat' dir='ltr'>Vercellis,</span> <span class='ocrx_word' id='word_1_182' title='bbox 1758 1595 1859 1627; x_wconf 84' lang='lat' dir='ltr'>frater</span> <span class='ocrx_word' id='word_1_183' title='bbox 1883 1595 2046 1627; x_wconf 88' lang='lat' dir='ltr'>Nicolaus</span> <span class='ocrx_word' id='word_1_184' title='bbox 2071 1595 2112 1627; x_wconf 91' lang='lat' dir='ltr'>de</span> 
     </span>
     <span class='ocr_line' id='line_1_19' title="bbox 289 1657 2115 1702; baseline -0.004 -5"><span class='ocrx_word' id='word_1_185' title='bbox 289 1665 461 1702; x_wconf 90' lang='lat' dir='ltr'>Vercellis,</span> <span class='ocrx_word' id='word_1_186' title='bbox 501 1664 602 1696; x_wconf 85' lang='lat' dir='ltr'>frater</span> <span class='ocrx_word' id='word_1_187' title='bbox 642 1663 784 1695; x_wconf 91' lang='lat' dir='ltr'>lacobus</span> <span class='ocrx_word' id='word_1_188' title='bbox 822 1662 863 1693; x_wconf 90' lang='lat' dir='ltr'>de</span> <span class='ocrx_word' id='word_1_189' title='bbox 899 1664 1016 1693; x_wconf 84' lang='lat' dir='ltr'>sancto</span> <span class='ocrx_word' id='word_1_190' title='bbox 1053 1660 1213 1697; x_wconf 87' lang='lat' dir='ltr'>Nazario,</span> <span class='ocrx_word' id='word_1_191' title='bbox 1252 1659 1352 1691; x_wconf 86' lang='lat' dir='ltr'>frater</span> <span class='ocrx_word' id='word_1_192' title='bbox 1388 1658 1525 1691; x_wconf 89' lang='lat' dir='ltr'>Gabriel</span> <span class='ocrx_word' id='word_1_193' title='bbox 1552 1657 1796 1700; x_wconf 80' lang='lat' dir='ltr'>CremagnoIa,</span> <span class='ocrx_word' id='word_1_194' title='bbox 1838 1658 1938 1690; x_wconf 86' lang='lat' dir='ltr'>frater</span> <span class='ocrx_word' id='word_1_195' title='bbox 1978 1657 2115 1699; x_wconf 87' lang='lat' dir='ltr'>Simpli-</span> 
     </span>
     <span class='ocr_line' id='line_1_20' title="bbox 288 1719 2113 1765; baseline -0.004 -6"><span class='ocrx_word' id='word_1_196' title='bbox 288 1728 406 1759; x_wconf 91' lang='lat' dir='ltr'>cianus</span> <span class='ocrx_word' id='word_1_197' title='bbox 433 1727 473 1758; x_wconf 88' lang='lat' dir='ltr'>de</span> <span class='ocrx_word' id='word_1_198' title='bbox 500 1726 661 1763; x_wconf 82' lang='lat' dir='ltr'>Arimino,</span> <span class='ocrx_word' id='word_1_199' title='bbox 688 1725 788 1756; x_wconf 85' lang='lat' dir='ltr'>frater</span> <span class='ocrx_word' id='word_1_200' title='bbox 828 1723 1041 1765; x_wconf 80' lang='lat' dir='ltr'>Augustinus</span> <span class='ocrx_word' id='word_1_201' title='bbox 1080 1723 1120 1754; x_wconf 91' lang='lat' dir='ltr'>de</span> <span class='ocrx_word' id='word_1_202' title='bbox 1159 1722 1277 1763; x_wconf 82' lang='lat' dir='ltr'>Papia,</span> <span class='ocrx_word' id='word_1_203' title='bbox 1315 1721 1415 1753; x_wconf 72' lang='lat' dir='ltr'>frater</span> <span class='ocrx_word' id='word_1_204' title='bbox 1451 1721 1518 1753; x_wconf 81' lang='lat' dir='ltr'>Leo</span> <span class='ocrx_word' id='word_1_205' title='bbox 1554 1721 1785 1759; x_wconf 81' lang='lat' dir='ltr'>Marchianus,</span> <span class='ocrx_word' id='word_1_206' title='bbox 1817 1719 1917 1752; x_wconf 83' lang='lat' dir='ltr'>frater</span> <span class='ocrx_word' id='word_1_207' title='bbox 1943 1720 2113 1752; x_wconf 88' lang='lat' dir='ltr'>Melchion</span> 
     </span>
     <span class='ocr_line' id='line_1_21' title="bbox 289 1782 2116 1826; baseline -0.004 -5"><span class='ocrx_word' id='word_1_208' title='bbox 289 1788 502 1826; x_wconf 87' lang='lat' dir='ltr'>Tarvisinus,</span> <span class='ocrx_word' id='word_1_209' title='bbox 528 1788 629 1820; x_wconf 85' lang='lat' dir='ltr'>frater</span> <span class='ocrx_word' id='word_1_210' title='bbox 654 1787 824 1819; x_wconf 88' lang='lat' dir='ltr'>Victorius</span> <span class='ocrx_word' id='word_1_211' title='bbox 849 1787 890 1818; x_wconf 92' lang='lat' dir='ltr'>de</span> <span class='ocrx_word' id='word_1_212' title='bbox 918 1785 1153 1826; x_wconf 78' lang='lat' dir='ltr'>Monteregali,</span> <span class='ocrx_word' id='word_1_213' title='bbox 1179 1784 1278 1816; x_wconf 80' lang='lat' dir='ltr'>frater</span> <span class='ocrx_word' id='word_1_214' title='bbox 1296 1784 1340 1816; x_wconf 92' lang='lat' dir='ltr'>lo.</span> <span class='ocrx_word' id='word_1_215' title='bbox 1360 1784 1528 1815; x_wconf 88' lang='lat' dir='ltr'>Antonius</span> <span class='ocrx_word' id='word_1_216' title='bbox 1546 1784 1587 1815; x_wconf 92' lang='lat' dir='ltr'>de</span> <span class='ocrx_word' id='word_1_217' title='bbox 1606 1782 1787 1821; x_wconf 87' lang='lat' dir='ltr'>Sartirana,</span> <span class='ocrx_word' id='word_1_218' title='bbox 1803 1782 1904 1814; x_wconf 81' lang='lat' dir='ltr'>frater</span> <span class='ocrx_word' id='word_1_219' title='bbox 1922 1782 2116 1814; x_wconf 85' lang='lat' dir='ltr'>Alexander</span> 
     </span>
     <span class='ocr_line' id='line_1_22' title="bbox 290 1845 2118 1888; baseline -0.004 -5"><span class='ocrx_word' id='word_1_220' title='bbox 290 1852 331 1883; x_wconf 90' lang='lat' dir='ltr'>de</span> <span class='ocrx_word' id='word_1_221' title='bbox 357 1849 544 1883; x_wconf 87' lang='lat' dir='ltr'>Castelatio</span> <span class='ocrx_word' id='word_1_222' title='bbox 570 1852 601 1882; x_wconf 86' lang='lat' dir='ltr'>et</span> <span class='ocrx_word' id='word_1_223' title='bbox 627 1850 726 1881; x_wconf 84' lang='lat' dir='ltr'>frater</span> <span class='ocrx_word' id='word_1_224' title='bbox 752 1848 796 1880; x_wconf 88' lang='lat' dir='ltr'>lo.</span> <span class='ocrx_word' id='word_1_225' title='bbox 824 1848 977 1888; x_wconf 84' lang='lat' dir='ltr'>Baptista</span> <span class='ocrx_word' id='word_1_226' title='bbox 1004 1847 1044 1879; x_wconf 88' lang='lat' dir='ltr'>de</span> <span class='ocrx_word' id='word_1_227' title='bbox 1071 1846 1191 1879; x_wconf 87' lang='lat' dir='ltr'>Onelia</span> <span class='ocrx_word' id='word_1_228' title='bbox 1213 1846 1271 1888; x_wconf 77' lang='grc' dir='ltr'>ρίίι</span> <span class='ocrx_word' id='word_1_229' title='bbox 1297 1847 1332 1878; x_wconf 78' lang='lat' dir='ltr'>cii</span> <span class='ocrx_word' id='word_1_230' title='bbox 1355 1847 1417 1878; x_wconf 75' lang='lat' dir='ltr'>due</span> <span class='ocrx_word' id='word_1_231' title='bbox 1442 1848 1523 1878; x_wconf 78' lang='lat' dir='ltr'>terzi</span> <span class='ocrx_word' id='word_1_232' title='bbox 1557 1845 1611 1877; x_wconf 80' lang='lat' dir='ltr'>de!</span> <span class='ocrx_word' id='word_1_233' title='bbox 1641 1845 1795 1886; x_wconf 80' lang='lat' dir='ltr'>capitolo.</span> <span class='ocrx_word' id='word_1_234' title='bbox 1821 1846 1852 1877; x_wconf 87' lang='lat' dir='ltr'>si</span> <span class='ocrx_word' id='word_1_235' title='bbox 1874 1845 2041 1886; x_wconf 76' lang='lat' dir='ltr'>stipulatio</span> <span class='ocrx_word' id='word_1_236' title='bbox 2066 1845 2118 1876; x_wconf 81' lang='lat' dir='ltr'>al-</span> 
     </span>
    </p>
   </div>
   <div class='ocr_carea' id='block_1_10' title="bbox 292 1907 2120 2015">
    <p class='ocr_par' dir='ltr' id='par_1_10' title="bbox 292 1907 2120 2015">
     <span class='ocr_line' id='line_1_23' title="bbox 292 1907 2115 1950; baseline -0.004 -5"><span class='ocrx_word' id='word_1_237' title='bbox 292 1923 372 1946; x_wconf 78' lang='lat' dir='ltr'>cime</span> <span class='ocrx_word' id='word_1_238' title='bbox 397 1913 603 1945; x_wconf 74' lang='lat' dir='ltr'>transuzioni</span> <span class='ocrx_word' id='word_1_239' title='bbox 626 1913 678 1944; x_wconf 87' lang='lat' dir='ltr'>coi</span> <span class='ocrx_word' id='word_1_240' title='bbox 700 1911 824 1950; x_wconf 79' lang='lat' dir='ltr'>fratelli</span> <span class='ocrx_word' id='word_1_241' title='bbox 848 1910 942 1942; x_wconf 79' lang='lat' dir='ltr'>Zella</span> <span class='ocrx_word' id='word_1_242' title='bbox 967 1910 1005 1942; x_wconf 75' lang='lat' dir='ltr'>cli</span> <span class='ocrx_word' id='word_1_243' title='bbox 1031 1909 1197 1950; x_wconf 77' lang='lat' dir='ltr'>Gropello,</span> <span class='ocrx_word' id='word_1_244' title='bbox 1219 1908 1339 1950; x_wconf 67' lang='lat' dir='ltr'>perche</span> <span class='ocrx_word' id='word_1_245' title='bbox 1363 1909 1471 1948; x_wconf 77' lang='lat' dir='ltr'>questi</span> <span class='ocrx_word' id='word_1_246' title='bbox 1490 1916 1640 1948; x_wconf 79' lang='lat' dir='ltr'>possano</span> <span class='ocrx_word' id='word_1_247' title='bbox 1669 1908 1859 1939; x_wconf 79' lang='lat' dir='ltr'>continuare</span> <span class='ocrx_word' id='word_1_248' title='bbox 1895 1907 2115 1939; x_wconf 79' lang='lat' dir='ltr'>nell’irzvesti-</span> 
     </span>
     <span class='ocr_line' id='line_1_24' title="bbox 293 1969 2120 2015; baseline -0.004 -8"><span class='ocrx_word' id='word_1_249' title='bbox 293 1978 375 2014; x_wconf 78' lang='lat' dir='ltr'>tura,</span> <span class='ocrx_word' id='word_1_250' title='bbox 399 1975 458 2015; x_wconf 67' lang='lat' dir='ltr'>gia}</span> <span class='ocrx_word' id='word_1_251' title='bbox 483 1975 552 2006; x_wconf 84' lang='lat' dir='ltr'>loro</span> <span class='ocrx_word' id='word_1_252' title='bbox 578 1983 737 2006; x_wconf 80' lang='lat' dir='ltr'>concessa</span> <span class='ocrx_word' id='word_1_253' title='bbox 762 1974 819 2005; x_wconf 75' lang='lat' dir='ltr'>dul</span> <span class='ocrx_word' id='word_1_254' title='bbox 843 1975 1012 2011; x_wconf 81' lang='lat' dir='ltr'>convento,</span> <span class='ocrx_word' id='word_1_255' title='bbox 1035 1973 1069 2004; x_wconf 80' lang='lat' dir='ltr'>cli</span> <span class='ocrx_word' id='word_1_256' title='bbox 1093 1972 1210 2003; x_wconf 77' lang='lat' dir='ltr'>ulcune</span> <span class='ocrx_word' id='word_1_257' title='bbox 1246 1973 1325 2002; x_wconf 78' lang='lat' dir='ltr'>terre</span> <span class='ocrx_word' id='word_1_258' title='bbox 1351 1972 1382 2002; x_wconf 84' lang='lat' dir='ltr'>in</span> <span class='ocrx_word' id='word_1_259' title='bbox 1410 1969 1575 2011; x_wconf 73' lang='lat' dir='ltr'>Gropelw,</span> <span class='ocrx_word' id='word_1_260' title='bbox 1601 1970 1644 2001; x_wconf 80' lang='lat' dir='ltr'>da</span> <span class='ocrx_word' id='word_1_261' title='bbox 1670 1970 1723 2001; x_wconf 81' lang='lat' dir='ltr'>cui</span> <span class='ocrx_word' id='word_1_262' title='bbox 1747 1978 1846 2001; x_wconf 79' lang='lat' dir='ltr'>erano</span> <span class='ocrx_word' id='word_1_263' title='bbox 1883 1969 2039 2001; x_wconf 72' lang='lat' dir='ltr'>decoriati</span> <span class='ocrx_word' id='word_1_264' title='bbox 2059 1977 2120 2010; x_wconf 87' lang='lat' dir='ltr'>per</span> 
     </span>
    </p>
   </div>
   <div class='ocr_carea' id='block_1_11' title="bbox 292 2033 934 2078">
    <p class='ocr_par' dir='ltr' id='par_1_11' title="bbox 292 2033 934 2078">
     <span class='ocr_line' id='line_1_25' title="bbox 292 2033 934 2078; baseline -0.006 -8"><span class='ocrx_word' id='word_1_265' title='bbox 292 2040 447 2070; x_wconf 74' lang='lat' dir='ltr'>manento</span> <span class='ocrx_word' id='word_1_266' title='bbox 469 2039 674 2078; x_wconf 70' lang='lat' dir='ltr'>pergamento</span> <span class='ocrx_word' id='word_1_267' title='bbox 699 2035 855 2076; x_wconf 77' lang='lat' dir='ltr'>‹i’affitto</span> <span class='ocrx_word' id='word_1_268' title='bbox 873 2033 934 2075; x_wconf 88' lang='grc'>(2).</span> 
     </span>
    </p>
   </div>
   <div class='ocr_carea' id='block_1_12' title="bbox 297 2191 1183 3021">
    <p class='ocr_par' dir='ltr' id='par_1_12' title="bbox 297 2191 1182 2933">
     <span class='ocr_line' id='line_1_26' title="bbox 348 2191 1177 2220; baseline -0.006 -4"><span class='ocrx_word' id='word_1_269' title='bbox 348 2197 378 2220; x_wconf 49' lang='grc' dir='ltr'>Ἰ1)</span> <span class='ocrx_word' id='word_1_270' title='bbox 394 2196 408 2216; x_wconf 95' lang='grc'>11</span> <span class='ocrx_word' id='word_1_271' title='bbox 425 2195 529 2216; x_wconf 60' lang='lat' dir='ltr'>eoin-me</span> <span class='ocrx_word' id='word_1_272' title='bbox 545 2195 565 2214; x_wconf 85' lang='grc'>31</span> <span class='ocrx_word' id='word_1_273' title='bbox 584 2194 607 2215; x_wconf 77' lang='grc'>19</span> <span class='ocrx_word' id='word_1_274' title='bbox 623 2194 715 2218; x_wconf 50' lang='lat' dir='ltr'>matulo</span> <span class='ocrx_word' id='word_1_275' title='bbox 733 2194 790 2218; x_wconf 69' lang='lat'>1550,</span> <span class='ocrx_word' id='word_1_276' title='bbox 807 2192 989 2213; x_wconf 74' lang='lat' dir='ltr'>nell&#39;ailunanza</span> <span class='ocrx_word' id='word_1_277' title='bbox 1005 2192 1041 2212; x_wconf 81' lang='lat' dir='ltr'>del</span> <span class='ocrx_word' id='word_1_278' title='bbox 1057 2191 1177 2216; x_wconf 74' lang='lat' dir='ltr'>Consiglio</span> 
     </span>
     <span class='ocr_line' id='line_1_27' title="bbox 297 2236 1180 2262; baseline -0.005 -2"><span class='ocrx_word' id='word_1_279' title='bbox 297 2240 318 2260; x_wconf 85' lang='lat' dir='ltr'>di</span> <span class='ocrx_word' id='word_1_280' title='bbox 336 2239 488 2260; x_wconf 77' lang='lat' dir='ltr'>Provvisione</span> <span class='ocrx_word' id='word_1_281' title='bbox 513 2238 590 2262; x_wconf 87' lang='lat' dir='ltr'>(Areh.</span> <span class='ocrx_word' id='word_1_282' title='bbox 613 2238 650 2258; x_wconf 82' lang='lat' dir='ltr'>del</span> <span class='ocrx_word' id='word_1_283' title='bbox 673 2238 757 2258; x_wconf 83' lang='lat' dir='ltr'>Museo</span> <span class='ocrx_word' id='word_1_284' title='bbox 780 2237 860 2258; x_wconf 86' lang='lat' dir='ltr'>Civico</span> <span class='ocrx_word' id='word_1_285' title='bbox 876 2237 897 2257; x_wconf 84' lang='lat' dir='ltr'>di</span> <span class='ocrx_word' id='word_1_286' title='bbox 914 2239 971 2257; x_wconf 68' lang='lat' dir='ltr'>stur.</span> <span class='ocrx_word' id='word_1_287' title='bbox 989 2236 1073 2262; x_wconf 77' lang='lat' dir='ltr'>patria,</span> <span class='ocrx_word' id='word_1_288' title='bbox 1090 2236 1141 2257; x_wconf 81' lang='lat' dir='ltr'>Am</span> <span class='ocrx_word' id='word_1_289' title='bbox 1156 2236 1180 2256; x_wconf 71' lang='lat' dir='ltr'>cli</span> 
     </span>
     <span class='ocr_line' id='line_1_28' title="bbox 298 2280 1178 2308; baseline -0.005 -4"><span class='ocrx_word' id='word_1_290' title='bbox 298 2284 456 2308; x_wconf 74' lang='lat' dir='ltr'>l’ravvisione,</span> <span class='ocrx_word' id='word_1_291' title='bbox 483 2288 555 2308; x_wconf 78' lang='lat' dir='ltr'>paceo</span> <span class='ocrx_word' id='word_1_292' title='bbox 580 2282 611 2303; x_wconf 72' lang='grc'>1131</span> <span class='ocrx_word' id='word_1_293' title='bbox 635 2282 783 2302; x_wconf 72' lang='grc' dir='ltr'>(101111013ν3ς</span> <span class='ocrx_word' id='word_1_294' title='bbox 809 2281 874 2302; x_wconf 81' lang='lat' dir='ltr'>Circa</span> <span class='ocrx_word' id='word_1_295' title='bbox 900 2280 1076 2306; x_wconf 75' lang='lat' dir='ltr'>requisitionem</span> <span class='ocrx_word' id='word_1_296' title='bbox 1093 2280 1178 2300; x_wconf 82' lang='lat' dir='ltr'>ibidem</span> 
     </span>
     <span class='ocr_line' id='line_1_29' title="bbox 297 2325 1177 2353; baseline -0.005 -4"><span class='ocrx_word' id='word_1_297' title='bbox 297 2331 410 2349; x_wconf 74' lang='lat' dir='ltr'>oretenus</span> <span class='ocrx_word' id='word_1_298' title='bbox 426 2328 510 2349; x_wconf 81' lang='lat' dir='ltr'>tactam</span> <span class='ocrx_word' id='word_1_299' title='bbox 529 2334 569 2353; x_wconf 78' lang='lat' dir='ltr'>per</span> <span class='ocrx_word' id='word_1_300' title='bbox 585 2327 726 2348; x_wconf 77' lang='lat' dir='ltr'>reverendos</span> <span class='ocrx_word' id='word_1_301' title='bbox 743 2326 827 2347; x_wconf 73' lang='lat' dir='ltr'>fratres</span> <span class='ocrx_word' id='word_1_302' title='bbox 844 2326 917 2346; x_wconf 81' lang='lat' dir='ltr'>sancti</span> <span class='ocrx_word' id='word_1_303' title='bbox 936 2325 999 2346; x_wconf 78' lang='lat' dir='ltr'>Pauli</span> <span class='ocrx_word' id='word_1_304' title='bbox 1016 2325 1114 2346; x_wconf 80' lang='lat' dir='ltr'>ettectus</span> <span class='ocrx_word' id='word_1_305' title='bbox 1130 2331 1177 2350; x_wconf 87' lang='lat' dir='ltr'>quo</span> 
     </span>
     <span class='ocr_line' id='line_1_30' title="bbox 299 2369 1178 2397; baseline -0.005 -4"><span class='ocrx_word' id='word_1_306' title='bbox 299 2376 380 2397; x_wconf 50' lang='lat' dir='ltr'>rogant</span> <span class='ocrx_word' id='word_1_307' title='bbox 398 2375 420 2393; x_wconf 94' lang='lat' dir='ltr'>ut</span> <span class='ocrx_word' id='word_1_308' title='bbox 439 2373 560 2397; x_wconf 61' lang='lat' dir='ltr'>magnifica</span> <span class='ocrx_word' id='word_1_309' title='bbox 577 2372 715 2393; x_wconf 78' lang='lat' dir='ltr'>Comunitas</span> <span class='ocrx_word' id='word_1_310' title='bbox 725 2371 779 2391; x_wconf 74' lang='lat' dir='ltr'>velit</span> <span class='ocrx_word' id='word_1_311' title='bbox 790 2371 853 2391; x_wconf 79' lang='lat' dir='ltr'>dieto</span> <span class='ocrx_word' id='word_1_312' title='bbox 865 2370 1008 2391; x_wconf 77' lang='lat' dir='ltr'>monasterio</span> <span class='ocrx_word' id='word_1_313' title='bbox 1024 2370 1097 2390; x_wconf 80' lang='lat' dir='ltr'>sancti</span> <span class='ocrx_word' id='word_1_314' title='bbox 1115 2369 1178 2390; x_wconf 81' lang='lat' dir='ltr'>l‘nuli</span> 
     </span>
     <span class='ocr_line' id='line_1_31' title="bbox 299 2415 1179 2441; baseline -0.005 -3"><span class='ocrx_word' id='word_1_315' title='bbox 299 2419 445 2438; x_wconf 71' lang='lat' dir='ltr'>elimosinam</span> <span class='ocrx_word' id='word_1_316' title='bbox 463 2418 555 2438; x_wconf 82' lang='lat' dir='ltr'>solitam</span> <span class='ocrx_word' id='word_1_317' title='bbox 572 2416 648 2437; x_wconf 75' lang='lat' dir='ltr'>tacere</span> <span class='ocrx_word' id='word_1_318' title='bbox 665 2422 709 2441; x_wconf 71' lang='lat' dir='ltr'>quc</span> <span class='ocrx_word' id='word_1_319' title='bbox 725 2418 760 2437; x_wconf 78' lang='lat' dir='ltr'>est</span> <span class='ocrx_word' id='word_1_320' title='bbox 777 2416 887 2436; x_wconf 80' lang='lat' dir='ltr'>librarum</span> <span class='ocrx_word' id='word_1_321' title='bbox 914 2415 993 2436; x_wconf 78' lang='lat' dir='ltr'>decem</span> <span class='ocrx_word' id='word_1_322' title='bbox 1009 2415 1179 2440; x_wconf 68' lang='lat' dir='ltr'>imperialium:</span> 
     </span>
     <span class='ocr_line' id='line_1_32' title="bbox 299 2459 1182 2487; baseline -0.005 -5"><span class='ocrx_word' id='word_1_323' title='bbox 299 2462 385 2482; x_wconf 78' lang='lat' dir='ltr'>tactum</span> <span class='ocrx_word' id='word_1_324' title='bbox 402 2464 436 2482; x_wconf 81' lang='lat' dir='ltr'>est</span> <span class='ocrx_word' id='word_1_325' title='bbox 454 2462 565 2487; x_wconf 75' lang='lat' dir='ltr'>partitum</span> <span class='ocrx_word' id='word_1_326' title='bbox 581 2466 609 2481; x_wconf 87' lang='grc'>311</span> <span class='ocrx_word' id='word_1_327' title='bbox 625 2460 734 2486; x_wconf 69' lang='lat' dir='ltr'>expediat</span> <span class='ocrx_word' id='word_1_328' title='bbox 751 2460 786 2480; x_wconf 82' lang='grc' dir='ltr'>1·οΙ</span> <span class='ocrx_word' id='word_1_329' title='bbox 803 2466 838 2483; x_wconf 80' lang='lat' dir='ltr'>ne.</span> <span class='ocrx_word' id='word_1_330' title='bbox 855 2460 971 2484; x_wconf 77' lang='lat' dir='ltr'>videlicet,</span> <span class='ocrx_word' id='word_1_331' title='bbox 989 2459 1052 2484; x_wconf 75' lang='lat' dir='ltr'>quod</span> <span class='ocrx_word' id='word_1_332' title='bbox 1069 2459 1182 2479; x_wconf 80' lang='lat' dir='ltr'>lohannes</span> 
     </span>
     <span class='ocr_line' id='line_1_33' title="bbox 299 2503 1182 2530; baseline -0.005 -4"><span class='ocrx_word' id='word_1_333' title='bbox 299 2506 327 2527; x_wconf 84' lang='lat' dir='ltr'>de</span> <span class='ocrx_word' id='word_1_334' title='bbox 344 2506 427 2526; x_wconf 70' lang='lat' dir='ltr'>Heileto</span> <span class='ocrx_word' id='word_1_335' title='bbox 443 2506 552 2526; x_wconf 75' lang='lat' dir='ltr'>tictabilis</span> <span class='ocrx_word' id='word_1_336' title='bbox 568 2504 922 2530; x_wconf 67' lang='lat' dir='ltr'>perpetuustntiusiuagnilicac</span> <span class='ocrx_word' id='word_1_337' title='bbox 934 2503 1090 2524; x_wconf 75' lang='lat' dir='ltr'>Comunitatis</span> <span class='ocrx_word' id='word_1_338' title='bbox 1105 2503 1182 2523; x_wconf 78' lang='lat' dir='ltr'>solvat</span> 
     </span>
     <span class='ocr_line' id='line_1_34' title="bbox 300 2547 1181 2575; baseline -0.005 -4"><span class='ocrx_word' id='word_1_339' title='bbox 300 2551 371 2571; x_wconf 74' lang='lat' dir='ltr'>libras</span> <span class='ocrx_word' id='word_1_340' title='bbox 395 2550 474 2571; x_wconf 83' lang='lat' dir='ltr'>decem</span> <span class='ocrx_word' id='word_1_341' title='bbox 500 2550 655 2575; x_wconf 81' lang='lat' dir='ltr'>imperialium</span> <span class='ocrx_word' id='word_1_342' title='bbox 681 2555 723 2574; x_wconf 87' lang='lat' dir='ltr'>pro</span> <span class='ocrx_word' id='word_1_343' title='bbox 748 2549 803 2569; x_wconf 83' lang='lat' dir='ltr'>licto</span> <span class='ocrx_word' id='word_1_344' title='bbox 827 2549 879 2569; x_wconf 88' lang='grc'>311111</span> <span class='ocrx_word' id='word_1_345' title='bbox 896 2548 964 2568; x_wconf 83' lang='lat' dir='ltr'>unius</span> <span class='ocrx_word' id='word_1_346' title='bbox 981 2548 1067 2568; x_wconf 88' lang='lat' dir='ltr'>linituri</span> <span class='ocrx_word' id='word_1_347' title='bbox 1083 2548 1104 2567; x_wconf 92' lang='grc'>111</span> <span class='ocrx_word' id='word_1_348' title='bbox 1121 2547 1181 2567; x_wconf 82' lang='lat' dir='ltr'>lesto</span> 
     </span>
     <span class='ocr_line' id='line_1_35' title="bbox 300 2591 1181 2620; baseline -0.005 -5"><span class='ocrx_word' id='word_1_349' title='bbox 300 2595 374 2615; x_wconf 80' lang='lat' dir='ltr'>sancti</span> <span class='ocrx_word' id='word_1_350' title='bbox 390 2594 432 2615; x_wconf 79' lang='lat' dir='ltr'>Siri</span> <span class='ocrx_word' id='word_1_351' title='bbox 450 2594 554 2620; x_wconf 77' lang='lat' dir='ltr'>proxime</span> <span class='ocrx_word' id='word_1_352' title='bbox 570 2593 658 2618; x_wconf 79' lang='lat' dir='ltr'>tuturo,</span> <span class='ocrx_word' id='word_1_353' title='bbox 675 2593 695 2613; x_wconf 90' lang='lat' dir='ltr'>iu</span> <span class='ocrx_word' id='word_1_354' title='bbox 713 2594 819 2613; x_wconf 81' lang='lat' dir='ltr'>manibus</span> <span class='ocrx_word' id='word_1_355' title='bbox 845 2593 931 2613; x_wconf 82' lang='lat' dir='ltr'>domini</span> <span class='ocrx_word' id='word_1_356' title='bbox 948 2591 1095 2612; x_wconf 72' lang='lat' dir='ltr'>Thes-&#39;turarii</span> <span class='ocrx_word' id='word_1_357' title='bbox 1113 2591 1181 2611; x_wconf 80' lang='lat' dir='ltr'>liuius</span> 
     </span>
     <span class='ocr_line' id='line_1_36' title="bbox 302 2635 1180 2663; baseline -0.003 -4"><span class='ocrx_word' id='word_1_358' title='bbox 302 2639 438 2663; x_wconf 69' lang='lat' dir='ltr'>magnificae</span> <span class='ocrx_word' id='word_1_359' title='bbox 454 2638 618 2663; x_wconf 70' lang='lat' dir='ltr'>commutatis,</span> <span class='ocrx_word' id='word_1_360' title='bbox 634 2640 656 2658; x_wconf 82' lang='lat' dir='ltr'>et</span> <span class='ocrx_word' id='word_1_361' title='bbox 673 2637 735 2663; x_wconf 84' lang='lat' dir='ltr'>quod</span> <span class='ocrx_word' id='word_1_362' title='bbox 751 2638 826 2657; x_wconf 75' lang='lat' dir='ltr'>dictas</span> <span class='ocrx_word' id='word_1_363' title='bbox 843 2637 914 2657; x_wconf 79' lang='lat' dir='ltr'>libras</span> <span class='ocrx_word' id='word_1_364' title='bbox 929 2636 1008 2657; x_wconf 85' lang='lat' dir='ltr'>decem</span> <span class='ocrx_word' id='word_1_365' title='bbox 1025 2636 1080 2656; x_wconf 81' lang='lat' dir='ltr'>dare</span> <span class='ocrx_word' id='word_1_366' title='bbox 1095 2635 1180 2656; x_wconf 83' lang='lat' dir='ltr'>debeat</span> 
     </span>
     <span class='ocr_line' id='line_1_37' title="bbox 300 2680 1179 2707; baseline -0.005 -3"><span class='ocrx_word' id='word_1_367' title='bbox 300 2684 369 2705; x_wconf 79' lang='lat' dir='ltr'>dictis</span> <span class='ocrx_word' id='word_1_368' title='bbox 385 2683 485 2704; x_wconf 82' lang='lat' dir='ltr'>dominis</span> <span class='ocrx_word' id='word_1_369' title='bbox 501 2683 612 2703; x_wconf 75' lang='lat' dir='ltr'>iratribus</span> <span class='ocrx_word' id='word_1_370' title='bbox 633 2688 674 2707; x_wconf 87' lang='lat' dir='ltr'>pro</span> <span class='ocrx_word' id='word_1_371' title='bbox 699 2682 826 2702; x_wconf 74' lang='lat' dir='ltr'>elemosina</span> <span class='ocrx_word' id='word_1_372' title='bbox 842 2687 921 2702; x_wconf 80' lang='lat' dir='ltr'>amore</span> <span class='ocrx_word' id='word_1_373' title='bbox 938 2681 978 2701; x_wconf 89' lang='lat' dir='ltr'>Dei</span> <span class='ocrx_word' id='word_1_374' title='bbox 995 2681 1068 2705; x_wconf 63' lang='lat' dir='ltr'>graiis</span> <span class='ocrx_word' id='word_1_375' title='bbox 1083 2682 1105 2701; x_wconf 82' lang='lat' dir='ltr'>et</span> <span class='ocrx_word' id='word_1_376' title='bbox 1122 2680 1179 2701; x_wconf 83' lang='lat' dir='ltr'>citra</span> 
     </span>
     <span class='ocr_line' id='line_1_38' title="bbox 300 2724 1182 2753; baseline -0.006 -4"><span class='ocrx_word' id='word_1_377' title='bbox 300 2729 402 2749; x_wconf 85' lang='lat' dir='ltr'>animum</span> <span class='ocrx_word' id='word_1_378' title='bbox 417 2728 518 2753; x_wconf 79' lang='lat' dir='ltr'>aliquam</span> <span class='ocrx_word' id='word_1_379' title='bbox 535 2727 701 2752; x_wconf 69' lang='lat' dir='ltr'>obligationem</span> <span class='ocrx_word' id='word_1_380' title='bbox 713 2726 836 2746; x_wconf 85' lang='lat' dir='ltr'>inducendi</span> <span class='ocrx_word' id='word_1_381' title='bbox 853 2725 988 2751; x_wconf 74' lang='lat' dir='ltr'>magnificae</span> <span class='ocrx_word' id='word_1_382' title='bbox 1004 2724 1148 2746; x_wconf 79' lang='lat' dir='ltr'>Comunitati</span> <span class='ocrx_word' id='word_1_383' title='bbox 1159 2726 1182 2745; x_wconf 87' lang='lat' dir='ltr'>et</span> 
     </span>
     <span class='ocr_line' id='line_1_39' title="bbox 301 2770 1181 2798; baseline -0.006 -4"><span class='ocrx_word' id='word_1_384' title='bbox 301 2773 331 2794; x_wconf 84' lang='lat' dir='ltr'>ad</span> <span class='ocrx_word' id='word_1_385' title='bbox 347 2773 518 2798; x_wconf 70' lang='lat' dir='ltr'>beneplacitum</span> <span class='ocrx_word' id='word_1_386' title='bbox 535 2771 671 2797; x_wconf 72' lang='lat' dir='ltr'>magnificae</span> <span class='ocrx_word' id='word_1_387' title='bbox 695 2770 852 2792; x_wconf 75' lang='lat' dir='ltr'>Comunitatis</span> <span class='ocrx_word' id='word_1_388' title='bbox 874 2772 896 2790; x_wconf 86' lang='lat' dir='ltr'>et</span> <span class='ocrx_word' id='word_1_389' title='bbox 919 2775 964 2790; x_wconf 91' lang='lat' dir='ltr'>non</span> <span class='ocrx_word' id='word_1_390' title='bbox 979 2770 1046 2790; x_wconf 81' lang='lat' dir='ltr'>aliter</span> <span class='ocrx_word' id='word_1_391' title='bbox 1062 2771 1084 2790; x_wconf 85' lang='lat' dir='ltr'>et</span> <span class='ocrx_word' id='word_1_392' title='bbox 1100 2774 1181 2795; x_wconf 85' lang='lat' dir='ltr'>super-</span> 
     </span>
     <span class='ocr_line' id='line_1_40' title="bbox 302 2814 1182 2841; baseline -0.006 -3"><span class='ocrx_word' id='word_1_393' title='bbox 302 2817 355 2838; x_wconf 82' lang='lat' dir='ltr'>inde</span> <span class='ocrx_word' id='word_1_394' title='bbox 379 2817 435 2838; x_wconf 79' lang='lat' dir='ltr'>iiant</span> <span class='ocrx_word' id='word_1_395' title='bbox 460 2817 546 2837; x_wconf 84' lang='lat' dir='ltr'>bullete</span> <span class='ocrx_word' id='word_1_396' title='bbox 571 2817 711 2841; x_wconf 87' lang='lat' dir='ltr'>opportune.</span> <span class='ocrx_word' id='word_1_397' title='bbox 736 2815 762 2835; x_wconf 89' lang='grc' dir='ltr'>Ε1</span> <span class='ocrx_word' id='word_1_398' title='bbox 786 2815 848 2835; x_wconf 83' lang='lat' dir='ltr'>datis</span> <span class='ocrx_word' id='word_1_399' title='bbox 872 2814 958 2835; x_wconf 81' lang='lat' dir='ltr'>balotis</span> <span class='ocrx_word' id='word_1_400' title='bbox 979 2814 1129 2839; x_wconf 83' lang='lat' dir='ltr'>sumptisque</span> <span class='ocrx_word' id='word_1_401' title='bbox 1145 2819 1182 2833; x_wconf 84' lang='lat' dir='ltr'>su-</span> 
     </span>
     <span class='ocr_line' id='line_1_41' title="bbox 303 2858 1177 2887; baseline -0.007 -4"><span class='ocrx_word' id='word_1_402' title='bbox 303 2862 382 2887; x_wconf 67' lang='lat' dir='ltr'>fragiis</span> <span class='ocrx_word' id='word_1_403' title='bbox 397 2862 519 2882; x_wconf 87' lang='lat' dir='ltr'>obtentum</span> <span class='ocrx_word' id='word_1_404' title='bbox 543 2860 585 2881; x_wconf 79' lang='lat' dir='ltr'>tuit</span> <span class='ocrx_word' id='word_1_405' title='bbox 611 2860 722 2886; x_wconf 87' lang='lat' dir='ltr'>partitum</span> <span class='ocrx_word' id='word_1_406' title='bbox 747 2859 810 2885; x_wconf 78' lang='lat' dir='ltr'>quod</span> <span class='ocrx_word' id='word_1_407' title='bbox 833 2858 872 2879; x_wconf 72' lang='grc'>1131</span> <span class='ocrx_word' id='word_1_408' title='bbox 889 2858 1011 2879; x_wconf 79' lang='lat' dir='ltr'>elimosina</span> <span class='ocrx_word' id='word_1_409' title='bbox 1028 2859 1052 2878; x_wconf 93' lang='lat' dir='ltr'>ut</span> <span class='ocrx_word' id='word_1_410' title='bbox 1068 2863 1139 2883; x_wconf 78' lang='lat' dir='ltr'>supra</span> <span class='ocrx_word' id='word_1_411' title='bbox 1155 2858 1177 2878; x_wconf 85' lang='lat' dir='ltr'>et</span> 
     </span>
     <span class='ocr_line' id='line_1_42' title="bbox 305 2909 471 2933; baseline -0.006 -6"><span class='ocrx_word' id='word_1_412' title='bbox 305 2909 374 2933; x_wconf 91' lang='lat' dir='ltr'>prout</span> <span class='ocrx_word' id='word_1_413' title='bbox 390 2912 471 2932; x_wconf 83' lang='lat' dir='ltr'>supra.</span> 
     </span>
    </p>

    <p class='ocr_par' dir='ltr' id='par_1_13' title="bbox 304 2946 1183 3021">
     <span class='ocr_line' id='line_1_43' title="bbox 357 2946 1182 2976; baseline -0.007 -4"><span class='ocrx_word' id='word_1_414' title='bbox 357 2952 386 2975; x_wconf 86' lang='grc'>12)</span> <span class='ocrx_word' id='word_1_415' title='bbox 402 2951 427 2972; x_wconf 91' lang='grc' dir='ltr'>Α1</span> <span class='ocrx_word' id='word_1_416' title='bbox 443 2952 456 2972; x_wconf 90' lang='grc'>3</span> <span class='ocrx_word' id='word_1_417' title='bbox 470 2950 574 2976; x_wconf 84' lang='lat' dir='ltr'>d&#39;aprile</span> <span class='ocrx_word' id='word_1_418' title='bbox 590 2949 626 2970; x_wconf 80' lang='lat' dir='ltr'>del</span> <span class='ocrx_word' id='word_1_419' title='bbox 644 2950 691 2970; x_wconf 80' lang='lat'>¹551</span> <span class='ocrx_word' id='word_1_420' title='bbox 709 2954 752 2970; x_wconf 92' lang='lat' dir='ltr'>con</span> <span class='ocrx_word' id='word_1_421' title='bbox 769 2950 912 2969; x_wconf 83' lang='lat' dir='ltr'>testamento</span> <span class='ocrx_word' id='word_1_422' title='bbox 928 2948 1010 2973; x_wconf 78' lang='lat' dir='ltr'>rogato</span> <span class='ocrx_word' id='word_1_423' title='bbox 1026 2946 1054 2967; x_wconf 81' lang='lat' dir='ltr'>da</span> <span class='ocrx_word' id='word_1_424' title='bbox 1070 2946 1182 2967; x_wconf 78' lang='lat' dir='ltr'>Giacoino</span> 
     </span>
     <span class='ocr_line' id='line_1_44' title="bbox 304 2990 1183 3021; baseline -0.008 -4"><span class='ocrx_word' id='word_1_425' title='bbox 304 2996 396 3017; x_wconf 81' lang='lat' dir='ltr'>Andrea</span> <span class='ocrx_word' id='word_1_426' title='bbox 413 2995 519 3021; x_wconf 78' lang='lat' dir='ltr'>Boldoni,</span> <span class='ocrx_word' id='word_1_427' title='bbox 535 2995 549 3015; x_wconf 95' lang='lat' dir='ltr'>il</span> <span class='ocrx_word' id='word_1_428' title='bbox 565 2994 642 3016; x_wconf 83' lang='lat' dir='ltr'>nobile</span> <span class='ocrx_word' id='word_1_429' title='bbox 657 2994 715 3015; x_wconf 80' lang='lat' dir='ltr'>Ginn</span> <span class='ocrx_word' id='word_1_430' title='bbox 731 2994 860 3014; x_wconf 77' lang='lat' dir='ltr'>Francesco</span> <span class='ocrx_word' id='word_1_431' title='bbox 872 2991 1063 3017; x_wconf 85' lang='lat' dir='ltr'>Luseltidispone</span> <span class='ocrx_word' id='word_1_432' title='bbox 1079 2990 1183 3011; x_wconf 78' lang='lat' dir='ltr'>eiusdem</span> 
     </span>
    </p>
   </div>
   <div class='ocr_carea' id='block_1_13' title="bbox 1233 2189 2115 3015">
    <p class='ocr_par' dir='ltr' id='par_1_14' title="bbox 1233 2189 2113 2304">
     <span class='ocr_line' id='line_1_45' title="bbox 1233 2189 2112 2212; baseline -0.001 -1"><span class='ocrx_word' id='word_1_433' title='bbox 1233 2191 1334 2212; x_wconf 81' lang='lat' dir='ltr'>cadaver</span> <span class='ocrx_word' id='word_1_434' title='bbox 1358 2191 1446 2211; x_wconf 86' lang='grc'>1111111311</span> <span class='ocrx_word' id='word_1_435' title='bbox 1463 2191 1484 2211; x_wconf 93' lang='grc'>111</span> <span class='ocrx_word' id='word_1_436' title='bbox 1501 2191 1652 2211; x_wconf 86' lang='lat' dir='ltr'>monumento</span> <span class='ocrx_word' id='word_1_437' title='bbox 1677 2190 1788 2210; x_wconf 90' lang='lat' dir='ltr'>nobilium</span> <span class='ocrx_word' id='word_1_438' title='bbox 1805 2190 1832 2210; x_wconf 80' lang='lat' dir='ltr'>de</span> <span class='ocrx_word' id='word_1_439' title='bbox 1850 2189 1950 2210; x_wconf 85' lang='lat' dir='ltr'>Luxellis</span> <span class='ocrx_word' id='word_1_440' title='bbox 1965 2189 2074 2210; x_wconf 80' lang='lat' dir='ltr'>existenti</span> <span class='ocrx_word' id='word_1_441' title='bbox 2090 2189 2112 2210; x_wconf 83' lang='lat' dir='ltr'>in</span> 
     </span>
     <span class='ocr_line' id='line_1_46' title="bbox 1234 2233 2113 2259; baseline -0.002 -3"><span class='ocrx_word' id='word_1_442' title='bbox 1234 2236 1342 2256; x_wconf 77' lang='lat' dir='ltr'>sacristia</span> <span class='ocrx_word' id='word_1_443' title='bbox 1358 2236 1489 2256; x_wconf 81' lang='lat' dir='ltr'>conventus</span> <span class='ocrx_word' id='word_1_444' title='bbox 1512 2234 1646 2255; x_wconf 77' lang='lat' dir='ltr'>monasterii</span> <span class='ocrx_word' id='word_1_445' title='bbox 1663 2234 1736 2255; x_wconf 86' lang='lat' dir='ltr'>sancti</span> <span class='ocrx_word' id='word_1_446' title='bbox 1753 2233 1876 2259; x_wconf 83' lang='lat' dir='ltr'>Augustini</span> <span class='ocrx_word' id='word_1_447' title='bbox 1900 2233 1972 2259; x_wconf 76' lang='lat' dir='ltr'>Papie</span> <span class='ocrx_word' id='word_1_448' title='bbox 1994 2239 2067 2259; x_wconf 85' lang='lat' dir='ltr'>prope</span> <span class='ocrx_word' id='word_1_449' title='bbox 2081 2233 2113 2254; x_wconf 85' lang='lat' dir='ltr'>al·</span> 
     </span>
     <span class='ocr_line' id='line_1_47' title="bbox 1235 2279 1525 2304; baseline -0.007 -3"><span class='ocrx_word' id='word_1_450' title='bbox 1235 2282 1284 2301; x_wconf 82' lang='lat' dir='ltr'>tare</span> <span class='ocrx_word' id='word_1_451' title='bbox 1301 2280 1374 2300; x_wconf 87' lang='lat' dir='ltr'>sancti</span> <span class='ocrx_word' id='word_1_452' title='bbox 1393 2279 1525 2304; x_wconf 56' lang='lat' dir='ltr'>Augustini.</span> 
     </span>
    </p>

    <p class='ocr_par' dir='ltr' id='par_1_15' title="bbox 1234 2322 2114 2617">
     <span class='ocr_line' id='line_1_48' title="bbox 1285 2322 2113 2349; baseline -0.004 -4"><span class='ocrx_word' id='word_1_453' title='bbox 1285 2324 1310 2345; x_wconf 77' lang='grc' dir='ltr'>Αἰ</span> <span class='ocrx_word' id='word_1_454' title='bbox 1327 2324 1352 2344; x_wconf 79' lang='lat'>22</span> <span class='ocrx_word' id='word_1_455' title='bbox 1368 2324 1467 2349; x_wconf 63' lang='lat' dir='ltr'>maggio,</span> <span class='ocrx_word' id='word_1_456' title='bbox 1485 2323 1518 2344; x_wconf 78' lang='lat' dir='ltr'>tra</span> <span class='ocrx_word' id='word_1_457' title='bbox 1534 2323 1562 2348; x_wconf 76' lang='lat' dir='ltr'>gli</span> <span class='ocrx_word' id='word_1_458' title='bbox 1579 2323 1622 2344; x_wconf 79' lang='lat' dir='ltr'>atti</span> <span class='ocrx_word' id='word_1_459' title='bbox 1638 2323 1659 2344; x_wconf 86' lang='lat' dir='ltr'>di</span> <span class='ocrx_word' id='word_1_460' title='bbox 1677 2323 1768 2343; x_wconf 80' lang='lat' dir='ltr'>Matteo</span> <span class='ocrx_word' id='word_1_461' title='bbox 1784 2322 1909 2344; x_wconf 84' lang='lat' dir='ltr'>Cellanova</span> <span class='ocrx_word' id='word_1_462' title='bbox 1925 2322 2041 2343; x_wconf 83' lang='lat' dir='ltr'>troviauio</span> <span class='ocrx_word' id='word_1_463' title='bbox 2056 2322 2113 2342; x_wconf 78' lang='grc'>1110-</span> 
     </span>
     <span class='ocr_line' id='line_1_49' title="bbox 1234 2366 2113 2392; baseline -0.002 -3"><span class='ocrx_word' id='word_1_464' title='bbox 1234 2370 1352 2389; x_wconf 83' lang='lat' dir='ltr'>stamento</span> <span class='ocrx_word' id='word_1_465' title='bbox 1368 2368 1514 2389; x_wconf 75' lang='grc'>11011311011110</span> <span class='ocrx_word' id='word_1_466' title='bbox 1523 2368 1624 2388; x_wconf 81' lang='lat' dir='ltr'>Adriana</span> <span class='ocrx_word' id='word_1_467' title='bbox 1640 2367 1713 2389; x_wconf 86' lang='lat' dir='ltr'>Soleri</span> <span class='ocrx_word' id='word_1_468' title='bbox 1723 2368 1752 2388; x_wconf 76' lang='lat' dir='ltr'>da</span> <span class='ocrx_word' id='word_1_469' title='bbox 1761 2367 1870 2392; x_wconf 83' lang='lat' dir='ltr'>Modena,</span> <span class='ocrx_word' id='word_1_470' title='bbox 1881 2367 1971 2387; x_wconf 83' lang='lat' dir='ltr'>vedova</span> <span class='ocrx_word' id='word_1_471' title='bbox 1983 2367 2005 2387; x_wconf 86' lang='lat' dir='ltr'>di</span> <span class='ocrx_word' id='word_1_472' title='bbox 2017 2366 2113 2388; x_wconf 77' lang='lat' dir='ltr'>Onotrio</span> 
     </span>
     <span class='ocr_line' id='line_1_50' title="bbox 1235 2411 2111 2439; baseline -0.002 -5"><span class='ocrx_word' id='word_1_473' title='bbox 1235 2413 1325 2439; x_wconf 74' lang='lat' dir='ltr'>Sacchi,</span> <span class='ocrx_word' id='word_1_474' title='bbox 1349 2413 1456 2434; x_wconf 76' lang='lat' dir='ltr'>abitante</span> <span class='ocrx_word' id='word_1_475' title='bbox 1479 2413 1514 2433; x_wconf 84' lang='lat' dir='ltr'>uel</span> <span class='ocrx_word' id='word_1_476' title='bbox 1540 2414 1674 2433; x_wconf 78' lang='lat' dir='ltr'>monastero</span> <span class='ocrx_word' id='word_1_477' title='bbox 1690 2412 1711 2432; x_wconf 93' lang='lat' dir='ltr'>di</span> <span class='ocrx_word' id='word_1_478' title='bbox 1728 2411 1751 2432; x_wconf 76' lang='lat' dir='ltr'>S.</span> <span class='ocrx_word' id='word_1_479' title='bbox 1768 2412 1870 2432; x_wconf 84' lang='lat' dir='ltr'>Martino</span> <span class='ocrx_word' id='word_1_480' title='bbox 1886 2411 1907 2432; x_wconf 92' lang='lat' dir='ltr'>in</span> <span class='ocrx_word' id='word_1_481' title='bbox 1924 2411 2000 2432; x_wconf 82' lang='lat' dir='ltr'>Pietra</span> <span class='ocrx_word' id='word_1_482' title='bbox 2017 2411 2074 2432; x_wconf 81' lang='lat' dir='ltr'>Lata</span> <span class='ocrx_word' id='word_1_483' title='bbox 2089 2411 2111 2432; x_wconf 86' lang='lat' dir='ltr'>di</span> 
     </span>
     <span class='ocr_line' id='line_1_51' title="bbox 1238 2456 2112 2483; baseline -0.003 -4"><span class='ocrx_word' id='word_1_484' title='bbox 1238 2458 1317 2482; x_wconf 79' lang='lat' dir='ltr'>Pavia,</span> <span class='ocrx_word' id='word_1_485' title='bbox 1333 2458 1369 2478; x_wconf 85' lang='lat' dir='ltr'>nel</span> <span class='ocrx_word' id='word_1_486' title='bbox 1385 2458 1439 2483; x_wconf 89' lang='lat' dir='ltr'>qual</span> <span class='ocrx_word' id='word_1_487' title='bbox 1455 2458 1598 2478; x_wconf 75' lang='lat' dir='ltr'>testamento</span> <span class='ocrx_word' id='word_1_488' title='bbox 1614 2457 1677 2477; x_wconf 86' lang='lat' dir='ltr'>iubet</span> <span class='ocrx_word' id='word_1_489' title='bbox 1694 2456 1757 2482; x_wconf 85' lang='lat' dir='ltr'>quod</span> <span class='ocrx_word' id='word_1_490' title='bbox 1773 2456 1873 2477; x_wconf 80' lang='lat' dir='ltr'>cadaver</span> <span class='ocrx_word' id='word_1_491' title='bbox 1895 2462 1963 2477; x_wconf 88' lang='lat' dir='ltr'>suum</span> <span class='ocrx_word' id='word_1_492' title='bbox 1985 2456 2112 2482; x_wconf 81' lang='lat' dir='ltr'>sepeliatur</span> 
     </span>
     <span class='ocr_line' id='line_1_52' title="bbox 1239 2500 2112 2526; baseline -0.001 -4"><span class='ocrx_word' id='word_1_493' title='bbox 1239 2503 1260 2523; x_wconf 89' lang='lat' dir='ltr'>in</span> <span class='ocrx_word' id='word_1_494' title='bbox 1276 2502 1373 2523; x_wconf 79' lang='lat' dir='ltr'>ecclesia</span> <span class='ocrx_word' id='word_1_495' title='bbox 1381 2502 1455 2522; x_wconf 74' lang='lat' dir='ltr'>sancti</span> <span class='ocrx_word' id='word_1_496' title='bbox 1466 2501 1587 2526; x_wconf 78' lang='lat' dir='ltr'>Augustini</span> <span class='ocrx_word' id='word_1_497' title='bbox 1601 2501 1770 2521; x_wconf 81' lang='lat' dir='ltr'>Heremitarum</span> <span class='ocrx_word' id='word_1_498' title='bbox 1783 2500 1852 2526; x_wconf 79' lang='lat' dir='ltr'>Papic</span> <span class='ocrx_word' id='word_1_499' title='bbox 1861 2500 1913 2521; x_wconf 84' lang='lat' dir='ltr'>etin</span> <span class='ocrx_word' id='word_1_500' title='bbox 1924 2501 1998 2526; x_wconf 87' lang='lat' dir='ltr'>primo</span> <span class='ocrx_word' id='word_1_501' title='bbox 2009 2501 2112 2522; x_wconf 86' lang='lat' dir='ltr'>claustro</span> 
     </span>
     <span class='ocr_line' id='line_1_53' title="bbox 1237 2544 2114 2573; baseline -0.001 -6"><span class='ocrx_word' id='word_1_502' title='bbox 1237 2552 1310 2573; x_wconf 83' lang='lat' dir='ltr'>prope</span> <span class='ocrx_word' id='word_1_503' title='bbox 1324 2547 1398 2567; x_wconf 83' lang='lat' dir='ltr'>altare</span> <span class='ocrx_word' id='word_1_504' title='bbox 1413 2547 1574 2567; x_wconf 84' lang='lat' dir='ltr'>constructum</span> <span class='ocrx_word' id='word_1_505' title='bbox 1591 2546 1635 2566; x_wconf 85' lang='lat' dir='ltr'>sub</span> <span class='ocrx_word' id='word_1_506' title='bbox 1650 2545 1766 2566; x_wconf 84' lang='lat' dir='ltr'>vocabulo</span> <span class='ocrx_word' id='word_1_507' title='bbox 1788 2544 1954 2570; x_wconf 86' lang='lat' dir='ltr'>Conceptionis</span> <span class='ocrx_word' id='word_1_508' title='bbox 1979 2544 2051 2566; x_wconf 84' lang='lat' dir='ltr'>Beate</span> <span class='ocrx_word' id='word_1_509' title='bbox 2066 2545 2114 2566; x_wconf 91' lang='lat' dir='ltr'>Vir-</span> 
     </span>
     <span class='ocr_line' id='line_1_54' title="bbox 1237 2591 1395 2617; baseline 0 -6"><span class='ocrx_word' id='word_1_510' title='bbox 1237 2591 1296 2617; x_wconf 78' lang='lat' dir='ltr'>ginis</span> <span class='ocrx_word' id='word_1_511' title='bbox 1312 2591 1395 2611; x_wconf 76' lang='grc'>1113110.</span> 
     </span>
    </p>

    <p class='ocr_par' dir='ltr' id='par_1_16' title="bbox 1233 2633 2115 3015">
     <span class='ocr_line' id='line_1_55' title="bbox 1289 2633 2115 2660; baseline -0.001 -4"><span class='ocrx_word' id='word_1_512' title='bbox 1289 2635 1315 2656; x_wconf 88' lang='grc' dir='ltr'>Α1</span> <span class='ocrx_word' id='word_1_513' title='bbox 1331 2636 1357 2656; x_wconf 91' lang='grc'>25</span> <span class='ocrx_word' id='word_1_514' title='bbox 1371 2637 1456 2660; x_wconf 73' lang='lat' dir='ltr'>agosto</span> <span class='ocrx_word' id='word_1_515' title='bbox 1471 2640 1514 2655; x_wconf 84' lang='lat' dir='ltr'>con</span> <span class='ocrx_word' id='word_1_516' title='bbox 1529 2635 1580 2654; x_wconf 88' lang='lat' dir='ltr'>atto</span> <span class='ocrx_word' id='word_1_517' title='bbox 1595 2633 1617 2654; x_wconf 89' lang='lat' dir='ltr'>di</span> <span class='ocrx_word' id='word_1_518' title='bbox 1634 2633 1776 2654; x_wconf 80' lang='lat' dir='ltr'>Alcssandro</span> <span class='ocrx_word' id='word_1_519' title='bbox 1792 2633 1902 2659; x_wconf 76' lang='lat' dir='ltr'>Folpcrii,</span> <span class='ocrx_word' id='word_1_520' title='bbox 1917 2633 2042 2655; x_wconf 83' lang='lat' dir='ltr'>adunatosi</span> <span class='ocrx_word' id='word_1_521' title='bbox 2053 2634 2115 2655; x_wconf 79' lang='lat' dir='ltr'>ilca-</span> 
     </span>
     <span class='ocr_line' id='line_1_56' title="bbox 1236 2677 2113 2705; baseline -0.001 -5"><span class='ocrx_word' id='word_1_522' title='bbox 1236 2680 1310 2705; x_wconf 85' lang='lat' dir='ltr'>pitolo</span> <span class='ocrx_word' id='word_1_523' title='bbox 1326 2679 1347 2699; x_wconf 86' lang='lat' dir='ltr'>di</span> <span class='ocrx_word' id='word_1_524' title='bbox 1363 2678 1385 2699; x_wconf 77' lang='lat' dir='ltr'>S.</span> <span class='ocrx_word' id='word_1_525' title='bbox 1403 2679 1526 2704; x_wconf 64' lang='lat' dir='ltr'>Agustino,</span> <span class='ocrx_word' id='word_1_526' title='bbox 1543 2678 1571 2698; x_wconf 84' lang='lat' dir='ltr'>dc</span> <span class='ocrx_word' id='word_1_527' title='bbox 1588 2677 1698 2698; x_wconf 86' lang='lat' dir='ltr'>mandato</span> <span class='ocrx_word' id='word_1_528' title='bbox 1714 2677 1833 2698; x_wconf 84' lang='lat' dir='ltr'>reverendi</span> <span class='ocrx_word' id='word_1_529' title='bbox 1856 2678 1942 2698; x_wconf 83' lang='lat' dir='ltr'>domini</span> <span class='ocrx_word' id='word_1_530' title='bbox 1967 2677 2045 2699; x_wconf 76' lang='lat' dir='ltr'>tranis</span> <span class='ocrx_word' id='word_1_531' title='bbox 2061 2679 2113 2700; x_wconf 83' lang='lat' dir='ltr'>For-</span> 
     </span>
     <span class='ocr_line' id='line_1_57' title="bbox 1238 2722 2113 2748; baseline 0 -4"><span class='ocrx_word' id='word_1_532' title='bbox 1238 2724 1312 2744; x_wconf 79' lang='lat' dir='ltr'>tunati</span> <span class='ocrx_word' id='word_1_533' title='bbox 1328 2723 1356 2744; x_wconf 84' lang='lat' dir='ltr'>de</span> <span class='ocrx_word' id='word_1_534' title='bbox 1371 2723 1462 2744; x_wconf 81' lang='lat' dir='ltr'>Cerano</span> <span class='ocrx_word' id='word_1_535' title='bbox 1479 2722 1590 2743; x_wconf 79' lang='lat' dir='ltr'>Prioris...</span> <span class='ocrx_word' id='word_1_536' title='bbox 1602 2722 1623 2742; x_wconf 88' lang='lat' dir='ltr'>in</span> <span class='ocrx_word' id='word_1_537' title='bbox 1636 2728 1682 2748; x_wconf 82' lang='lat' dir='ltr'>quo</span> <span class='ocrx_word' id='word_1_538' title='bbox 1698 2722 1792 2747; x_wconf 84' lang='lat' dir='ltr'>quidem</span> <span class='ocrx_word' id='word_1_539' title='bbox 1808 2723 1938 2748; x_wconf 81' lang='lat' dir='ltr'>capitulo...</span> <span class='ocrx_word' id='word_1_540' title='bbox 1954 2722 2047 2744; x_wconf 76' lang='lat' dir='ltr'>inerunt</span> <span class='ocrx_word' id='word_1_541' title='bbox 2061 2728 2113 2744; x_wconf 87' lang='lat' dir='ltr'>cum</span> 
     </span>
     <span class='ocr_line' id='line_1_58' title="bbox 1236 2766 2112 2793; baseline 0 -5"><span class='ocrx_word' id='word_1_542' title='bbox 1236 2774 1290 2789; x_wconf 82' lang='lat' dir='ltr'>eo...</span> <span class='ocrx_word' id='word_1_543' title='bbox 1307 2767 1418 2793; x_wconf 79' lang='lat' dir='ltr'>magister</span> <span class='ocrx_word' id='word_1_544' title='bbox 1434 2766 1535 2792; x_wconf 81' lang='lat' dir='ltr'>Rapliael</span> <span class='ocrx_word' id='word_1_545' title='bbox 1554 2766 1586 2787; x_wconf 85' lang='lat' dir='ltr'>de</span> <span class='ocrx_word' id='word_1_546' title='bbox 1609 2766 1689 2787; x_wconf 77' lang='lat' dir='ltr'>Padua</span> <span class='ocrx_word' id='word_1_547' title='bbox 1712 2771 1803 2792; x_wconf 64' lang='lat' dir='ltr'>regens»,</span> <span class='ocrx_word' id='word_1_548' title='bbox 1819 2768 1841 2787; x_wconf 83' lang='lat' dir='ltr'>et</span> <span class='ocrx_word' id='word_1_549' title='bbox 1857 2767 2002 2788; x_wconf 83' lang='lat' dir='ltr'>venerabiles</span> <span class='ocrx_word' id='word_1_550' title='bbox 2026 2767 2112 2788; x_wconf 90' lang='lat' dir='ltr'>domini</span> 
     </span>
     <span class='ocr_line' id='line_1_59' title="bbox 1237 2810 2114 2837; baseline -0.001 -4"><span class='ocrx_word' id='word_1_551' title='bbox 1237 2812 1321 2833; x_wconf 78' lang='lat' dir='ltr'>tratres</span> <span class='ocrx_word' id='word_1_552' title='bbox 1336 2811 1419 2837; x_wconf 76' lang='lat' dir='ltr'>loseph</span> <span class='ocrx_word' id='word_1_553' title='bbox 1435 2811 1523 2831; x_wconf 75' lang='lat' dir='ltr'>siculus</span> <span class='ocrx_word' id='word_1_554' title='bbox 1538 2810 1621 2835; x_wconf 87' lang='lat' dir='ltr'>lector,</span> <span class='ocrx_word' id='word_1_555' title='bbox 1635 2810 1789 2834; x_wconf 71' lang='lat' dir='ltr'>{Hieronimus</span> <span class='ocrx_word' id='word_1_556' title='bbox 1804 2810 1832 2831; x_wconf 88' lang='lat' dir='ltr'>dc</span> <span class='ocrx_word' id='word_1_557' title='bbox 1849 2810 1952 2831; x_wconf 81' lang='lat' dir='ltr'>Bononia</span> <span class='ocrx_word' id='word_1_558' title='bbox 1968 2811 2048 2837; x_wconf 79' lang='lat' dir='ltr'>tector,</span> <span class='ocrx_word' id='word_1_559' title='bbox 2073 2810 2114 2832; x_wconf 85' lang='lat' dir='ltr'>Or-</span> 
     </span>
     <span class='ocr_line' id='line_1_60' title="bbox 1233 2854 2114 2881; baseline -0.001 -4"><span class='ocrx_word' id='word_1_560' title='bbox 1233 2856 1285 2877; x_wconf 82' lang='lat' dir='ltr'>teus</span> <span class='ocrx_word' id='word_1_561' title='bbox 1300 2856 1328 2877; x_wconf 86' lang='lat' dir='ltr'>de</span> <span class='ocrx_word' id='word_1_562' title='bbox 1344 2855 1454 2877; x_wconf 80' lang='lat' dir='ltr'>Vercellis</span> <span class='ocrx_word' id='word_1_563' title='bbox 1469 2855 1587 2881; x_wconf 82' lang='lat' dir='ltr'>subprior,</span> <span class='ocrx_word' id='word_1_564' title='bbox 1603 2854 1634 2875; x_wconf 90' lang='lat' dir='ltr'>lo.</span> <span class='ocrx_word' id='word_1_565' title='bbox 1651 2854 1767 2875; x_wconf 83' lang='lat' dir='ltr'>Antonius</span> <span class='ocrx_word' id='word_1_566' title='bbox 1782 2854 1810 2875; x_wconf 91' lang='lat' dir='ltr'>de</span> <span class='ocrx_word' id='word_1_567' title='bbox 1826 2854 1944 2881; x_wconf 86' lang='lat' dir='ltr'>Gropello,</span> <span class='ocrx_word' id='word_1_568' title='bbox 1960 2855 2070 2876; x_wconf 77' lang='lat' dir='ltr'>Nicotaus</span> <span class='ocrx_word' id='word_1_569' title='bbox 2085 2855 2114 2876; x_wconf 85' lang='lat' dir='ltr'>de</span> 
     </span>
     <span class='ocr_line' id='line_1_61' title="bbox 1241 2898 2114 2925; baseline -0.001 -4"><span class='ocrx_word' id='word_1_570' title='bbox 1241 2901 1311 2921; x_wconf 85' lang='lat' dir='ltr'>Lenta</span> <span class='ocrx_word' id='word_1_571' title='bbox 1326 2900 1485 2923; x_wconf 76' lang='lat' dir='ltr'>(cancellato),</span> <span class='ocrx_word' id='word_1_572' title='bbox 1510 2899 1609 2920; x_wconf 82' lang='lat' dir='ltr'>lacobus</span> <span class='ocrx_word' id='word_1_573' title='bbox 1624 2898 1652 2919; x_wconf 86' lang='lat' dir='ltr'>de</span> <span class='ocrx_word' id='word_1_574' title='bbox 1667 2900 1750 2919; x_wconf 80' lang='lat' dir='ltr'>sancto</span> <span class='ocrx_word' id='word_1_575' title='bbox 1774 2898 1882 2924; x_wconf 83' lang='lat' dir='ltr'>Nazario,</span> <span class='ocrx_word' id='word_1_576' title='bbox 1907 2898 2070 2925; x_wconf 81' lang='lat' dir='ltr'>simplicianus</span> <span class='ocrx_word' id='word_1_577' title='bbox 2085 2899 2114 2921; x_wconf 87' lang='lat' dir='ltr'>de</span> 
     </span>
     <span class='ocr_line' id='line_1_62' title="bbox 1239 2941 2114 2970; baseline -0.001 -4"><span class='ocrx_word' id='word_1_578' title='bbox 1239 2945 1341 2966; x_wconf 84' lang='lat' dir='ltr'>Arimino</span> <span class='ocrx_word' id='word_1_579' title='bbox 1357 2944 1468 2970; x_wconf 82' lang='lat' dir='ltr'>magister</span> <span class='ocrx_word' id='word_1_580' title='bbox 1483 2943 1564 2969; x_wconf 84' lang='lat' dir='ltr'>studii,</span> <span class='ocrx_word' id='word_1_581' title='bbox 1579 2942 1703 2964; x_wconf 83' lang='lat' dir='ltr'>Cornelius</span> <span class='ocrx_word' id='word_1_582' title='bbox 1725 2942 1753 2963; x_wconf 85' lang='lat' dir='ltr'>de</span> <span class='ocrx_word' id='word_1_583' title='bbox 1774 2941 1841 2964; x_wconf 85' lang='lat' dir='ltr'>Senis</span> <span class='ocrx_word' id='word_1_584' title='bbox 1864 2948 1953 2968; x_wconf 83' lang='lat' dir='ltr'>cursor,</span> <span class='ocrx_word' id='word_1_585' title='bbox 1969 2943 2114 2969; x_wconf 81' lang='lat' dir='ltr'>Augustinus</span> 
     </span>
     <span class='ocr_line' id='line_1_63' title="bbox 1239 2986 2114 3015; baseline -0.001 -5"><span class='ocrx_word' id='word_1_586' title='bbox 1239 2989 1267 3010; x_wconf 82' lang='lat' dir='ltr'>dc</span> <span class='ocrx_word' id='word_1_587' title='bbox 1283 2989 1364 3015; x_wconf 80' lang='lat' dir='ltr'>Papia,</span> <span class='ocrx_word' id='word_1_588' title='bbox 1380 2988 1496 3009; x_wconf 80' lang='lat' dir='ltr'>Melcliion</span> <span class='ocrx_word' id='word_1_589' title='bbox 1512 2987 1541 3008; x_wconf 85' lang='lat' dir='ltr'>de</span> <span class='ocrx_word' id='word_1_590' title='bbox 1556 2987 1672 3013; x_wconf 69' lang='lat' dir='ltr'>Trevisio,</span> <span class='ocrx_word' id='word_1_591' title='bbox 1687 2986 1818 3008; x_wconf 81' lang='lat' dir='ltr'>Alexander</span> <span class='ocrx_word' id='word_1_592' title='bbox 1833 2986 1860 3008; x_wconf 86' lang='lat' dir='ltr'>de</span> <span class='ocrx_word' id='word_1_593' title='bbox 1876 2986 2014 3014; x_wconf 74' lang='lat' dir='ltr'>eastelatto,</span> <span class='ocrx_word' id='word_1_594' title='bbox 2029 2987 2061 3009; x_wconf 88' lang='lat' dir='ltr'>lo.</span> <span class='ocrx_word' id='word_1_595' title='bbox 2072 2987 2114 3009; x_wconf 81' lang='lat' dir='ltr'>Ba-</span> 
     </span>
    </p>
   </div>
  </div>
 </body>
</html>
