2305 3407
1933 150 2000 182 305

947 331 1241 372 CMXCIX.

269 451 296 480 11
322 450 474 487 Capitolo
505 450 668 479 Generale
693 449 725 478 di
750 448 877 478 Milano
909 449 1057 477 delibera
1090 449 1123 477 di
1147 449 1267 478 cedere
1292 449 1314 477 il
1346 453 1512 478 convento
1537 449 1569 477 di
1594 450 1627 480 S.
1653 449 1812 478 Mostiola
1836 451 1900 478 alle
1927 452 2001 479 Mo-

181 515 286 542 nache
310 513 344 541 di
369 514 485 542 Monte
510 511 655 543 Oliveto.

791 642 953 674 1564,
987 643 1244 675 nmaggi09
1277 642 1372 667 24.

741 768 818 791 (Arcti,
836 768 915 788 Notas.
934 767 955 788 di
973 767 1041 788 l'avia
1062 778 1077 780 e
1099 767 1146 788 Atti
1163 767 1184 787 di
1201 767 1292 788 Matteo
1309 767 1453 791 Cellanova).

280 936 324 1052 I
418 954 441 980 N
475 949 608 980 nomine
646 947 793 986 Domini,
826 957 933 979 ament
966 947 1062 979 Anno
1101 948 1287 979 nativitatis
1324 948 1474 979 eiusdem
1511 948 1689 979 millesimo
1726 950 1999 989 quingentesimo

442 1012 659 1052 sexagesimo
693 1013 823 1051 quarto,
857 1011 1038 1042 indictione
1072 1012 1225 1051 septima,
1260 1011 1313 1042 die
1346 1012 1497 1042 mercurii
1534 1012 1700 1051 vigesimo
1727 1015 1847 1052 quarto
1875 1013 2001 1043 mensis

335 1110 410 1112 „
444 1075 532 1106 maii.
557 1073 642 1107 Cum
669 1075 711 1105 sit
728 1074 819 1114 quod
840 1074 881 1105 de
906 1082 995 1104 anno
1026 1073 1117 1110 1558,
1136 1073 1189 1104 die
1215 1074 1347 1104 sabbati
1375 1074 1469 1104 tertia
1489 1074 1616 1105 mensis
1643 1075 1856 1114 septembris,
1875 1074 1999 1106 factum

177 1138 274 1170 fuerit
300 1139 556 1170 instrumentum
589 1138 852 1168 conventionum
885 1139 915 1168 et
942 1138 1117 1176 pactorum
1153 1136 1236 1167 inter
1269 1136 1489 1167 reverendum
1524 1136 1696 1167 dominum
1733 1137 1928 1177 magistrum
1957 1137 2000 1168 lo.

177 1199 358 1231 Antonium
386 1199 601 1231 Marinonum
621 1202 697 1230 tunc
717 1198 962 1230 provincialem
990 1198 1233 1229 Heremitarum
1261 1199 1366 1229 sancti
1386 1197 1564 1238 Augustini
1593 1197 1770 1229 provincie
1802 1198 2001 1230 Lombardie

175 1263 515 1302 commissariumque
548 1264 580 1293 et
612 1262 815 1303 dellegatum
843 1261 970 1294 Remini
1003 1261 1129 1292 domini
1165 1259 1342 1292 Generalis
1376 1260 1494 1301 prefati
1529 1260 1668 1292 Ordinis
1702 1261 1943 1292 Heremitarum
1971 1264 2001 1292 et

176 1325 397 1356 reverendum
418 1326 543 1365 patrem
570 1325 744 1355 dominum
772 1324 967 1364 magistrum
996 1323 1214 1354 Fortunatum
1242 1324 1282 1354 de
1307 1321 1485 1355 Ceredano
1513 1322 1659 1354 Priorem
1686 1326 1875 1354 conventus
1894 1324 1998 1355 sancti

176 1387 355 1428 Augustini
390 1387 632 1418 Heremitarum
665 1387 812 1418 civitatis
845 1386 949 1428 Papie
982 1395 1020 1417 ac
1053 1386 1226 1417 dominum
1261 1386 1457 1426 magistrum
1491 1385 1709 1416 Benedictum
1743 1386 1784 1416 de
1819 1385 2000 1423 Placentia,

174 1450 295 1481 ambos
321 1450 522 1481 diffinitores
556 1449 682 1490 pretate
715 1448 892 1480 Provincie
924 1449 1134 1486 Lombardie,
1162 1458 1222 1479 nec
1249 1457 1314 1479 non
1342 1448 1561 1479 reverendum
1595 1449 1768 1479 dominum
1803 1449 1999 1489 magistrum

180 1511 366 1552 Eugenium
400 1512 441 1543 de
474 1511 616 1543 Pisauro
649 1514 818 1552 regentem
844 1520 881 1543 ac
908 1511 1128 1543 reverendum
1161 1511 1334 1542 dominum
1360 1510 1493 1541 fratrem
1521 1509 1662 1541 Paulum
1695 1509 2000 1548 CasteIIonensem,

175 1574 297 1605 ambos
332 1574 483 1605 sindicos
509 1576 539 1605 et
566 1576 801 1614 procuratores
833 1573 1001 1614 speciales
1026 1575 1057 1604 et
1090 1573 1284 1613 specialiter
1308 1572 1350 1604 ad
1377 1581 1415 1604 ea
1448 1573 1652 1604 constitutos
1678 1582 1695 1604 a
1721 1571 1881 1613 Capitulo
1907 1582 2001 1604 reve-

174 1635 353 1667 rendorum
379 1638 410 1667 et
436 1636 680 1667 venerabilium
706 1636 920 1667 dominorum
948 1634 1073 1667 Prioris
1100 1637 1131 1666 et
1158 1634 1307 1666 Fratrum
1335 1635 1528 1666 monasterii
1556 1635 1661 1666 sancti
1689 1634 1869 1676 Augustini
1897 1634 2001 1676 Papie

177 1698 329 1738 predicti,
355 1700 387 1729 et
412 1698 633 1730 reverendum
660 1698 833 1729 dominum
859 1698 992 1730 fratrem
1021 1697 1267 1729 Lanfranchum
1294 1697 1335 1728 de
1362 1696 1523 1729 Vercellis
1550 1696 1696 1729 Priorem
1716 1706 1754 1729 ac
1772 1698 1999 1730 venerabilem

180 1760 354 1791 dominum
379 1760 511 1792 fratrem
540 1760 688 1794 Rochum
715 1761 756 1792 de
781 1759 1003 1802 Camayrana,
1028 1761 1148 1792 ambos
1174 1760 1326 1791 sindicos
1351 1762 1381 1791 et
1408 1762 1642 1800 procuratores
1669 1761 1860 1792 monasterii
1887 1763 2002 1792 sancte

182 1822 343 1854 Mustiole
379 1823 525 1854 civitatis
559 1822 673 1863 Papie,
699 1833 740 1854 ex
773 1832 858 1855 uua:
891 1826 921 1854 et
955 1823 1172 1854 reverendam
1207 1825 1236 1853 et
1272 1822 1484 1853 venerabiles
1515 1822 1685 1853 dominam
1719 1821 1937 1854 Abbatissam
1972 1825 2002 1854 et

180 1884 349 1916 Moniales
374 1886 567 1916 monasterii
594 1888 709 1917 sancte
736 1886 843 1917 Marie
862 1886 902 1916 de
929 1885 1046 1916 Monte
1064 1884 1211 1922 Oliveto,
1230 1885 1359 1915 ordinis
1385 1885 1492 1916 sancti
1512 1884 1686 1915 Benedicti
1713 1883 2002 1925 Congregationis

180 1946 285 1978 Vallis
304 1947 481 1986 Umbrose,
500 1957 540 1979 cx
559 1948 635 1986 alia,
654 1957 712 1979 seu
740 1948 893 1988 pluribus
924 1948 1088 1988 partibus,
1114 1948 1213 1978 etiam
1239 1947 1281 1978 ad
1301 1948 1504 1987 presentiam
1530 1948 1561 1978 et
1579 1956 1652 1977 cum
1672 1956 1841 1978 consensu
1863 1947 2000 1978 multum

181 2010 354 2041 reverendi
388 2012 419 2041 et
445 2010 583 2042 illustris
616 2011 697 2042 iuris
729 2011 874 2042 consulti
908 2011 1034 2041 domini
1069 2010 1163 2041 Pauli
1199 2009 1395 2041 Pallavicini
1429 2009 1469 2040 de
1501 2007 1662 2049 Scipi‹›uo
1695 2010 1774 2050 regii
1809 2012 1839 2040 et
1872 2010 2002 2041 ducalis

180 2070 352 2104 Senatoris
385 2072 582 2110 Mediolani,
608 2073 851 2113 prothonotarii
885 2073 1075 2113 apostolici,
1102 2072 1252 2112 perpetui
1286 2071 1563 2103 commendatarii
1589 2071 1724 2102 abbatie
1749 2073 1780 2102 et
1807 2072 2000 2102 monasterii

180 2135 284 2166 sancti
312 2134 510 2166 Laniranchi
537 2137 630 2166 extra
656 2137 688 2166 et
707 2144 810 2175 prope
837 2135 945 2166 menia
964 2134 1112 2174 predicte
1138 2134 1284 2165 civitatis
1300 2133 1415 2173 Papie,
1431 2134 1437 2164 i
1453 2142 1580 2164 *sarum
1601 2133 1795 2164 monialium
1815 2134 2001 2173 superioris

181 2197 308 2228 ratione
333 2197 422 2228 dicte
441 2197 586 2234 abbatie,
614 2197 657 2227 ibi
684 2199 761 2228 tunc
788 2197 955 2237 presentis
980 2199 1011 2227 et
1037 2196 1290 2233 consentientis,
1310 2196 1350 2226 de
1376 2197 1407 2226 et
1432 2204 1534 2235 super
1560 2195 1764 2226 monasterio
1790 2198 1905 2226 sancte
1925 2195 2001 2226 Mu-

182 2259 280 2290 stiole
312 2259 400 2290 dicte
433 2260 594 2296 civitatis,
622 2259 740 2299 prefati
773 2259 903 2290 ordinis
935 2259 1040 2290 sancti
1075 2257 1266 2299 Augustini,
1292 2260 1323 2289 et
1356 2260 1454 2298 prout
1487 2257 1619 2297 plenius
1650 2257 1680 2288 in
1707 2266 1745 2288 eo
1779 2258 2000 2289 instrumento

182 2322 370 2353 continetur
395 2324 511 2361 rogato
537 2330 595 2361 per
620 2320 659 2352 D.
680 2321 837 2352 iacobum
866 2321 1006 2352 Mariam
1035 2320 1255 2352 Ultrabellum
1275 2320 1440 2351 notarium
1468 2318 1571 2359 Papie
1598 2320 1698 2351 dictis
1724 2328 1813 2351 anno
1838 2322 1868 2350 et
1894 2320 1947 2350 die
1967 2322 2000 2351 ut

184 2392 309 2424 supra:

189 2540 246 2566 1564,
260 2540 375 2561 radunato
386 2541 399 2560 il
410 2541 513 2565 capitolo
529 2540 565 2560 del
580 2542 695 2561 convento
706 2540 728 2560 di
740 2539 762 2560 S.
775 2540 897 2565 Agostino,
913 2539 1062 2559 demandato
1117 2539 1268 2559 attendentes
1278 2539 1348 2559 mult-1
1361 2539 1501 2560 benemerita
1514 2545 1554 2564 per
1565 2539 1651 2559 dictum
1661 2544 1728 2559 suuni
1741 2539 1906 2559 monasterium
1917 2539 1995 2559 habita

185 2585 304 2606 reverendi
321 2586 424 2611 magistri
440 2585 525 2606 domini
541 2585 619 2606 fratris
635 2585 725 2606 Andree
740 2585 768 2605 de
794 2584 874 2605 Monte
896 2583 1019 2609 Causario,
1041 2584 1062 2604 in
1118 2586 1140 2604 et
1157 2586 1250 2609 recepta
1265 2589 1278 2604 a
1295 2583 1385 2609 prelato
1401 2584 1526 2604 venerabili
1542 2584 1636 2604 domino
1650 2583 1722 2604 fratre
1738 2584 1769 2604 lo.
1786 2583 1886 2605 Antonio
1902 2583 1929 2604 dc
1946 2584 1997 2604 Fer-

185 2630 221 2651 eui
236 2635 305 2650 erano
321 2630 394 2651 anche
408 2630 554 2650 venerandus
565 2629 815 2650 briclisilrtureusfrater
831 2629 944 2649 lohannes
960 2629 1061 2653 Angelus
1116 2629 1183 2648 rariis
1195 2629 1223 2648 dc
1236 2628 1333 2654 Papia...
1344 2630 1366 2649 ct
1383 2628 1492 2654 precipue
1508 2628 1571 2654 quod
1587 2629 1636 2654 ipsc
1652 2629 1791 2648 venerabilis
1806 2628 1915 2648 dominns
1926 2628 1996 2648 irater

186 2680 291 2699 cesenas,
306 2675 446 2695 venerabilis
461 2676 527 2700 pater
542 2675 651 2700 subprior
665 2674 737 2695 trater
756 2674 864 2700 Orpheus
880 2674 1007 2699 papiensis,
1027 2679 1064 2693 ve-

187 2720 296 2740 nerabilis
315 2721 382 2745 pater
402 2719 520 2740 staterio,
541 2719 656 2740 Antonius
671 2719 699 2740 de
719 2719 828 2740 Ferrariis
844 2718 971 2744 papiensis,
991 2717 1062 2738 trater

185 2763 295 2784 Nicolaus
304 2764 423 2790 papiensis
430 2764 538 2789 sacrista,
549 2764 621 2785 irater
631 2764 776 2789 Augustinus
786 2763 906 2789 papiensis
918 2764 1064 2789 procurator,

187 2808 259 2829 frater
272 2809 301 2829 lo.
319 2808 426 2834 Baptista
447 2809 574 2834 papiensis,
590 2814 672 2830 cursor
687 2808 758 2829 irater
779 2808 978 2833 Micliaelangclus
994 2808 1065 2827 bon«)-

187 2853 282 2878 niensis,
290 2858 371 2873 cursor
381 2852 452 2874 trater
463 2853 610 2874 Hieroninius
621 2853 744 2879 lusitanus,
755 2858 836 2873 cursor
845 2852 915 2873 irater
931 2852 1065 2878 llippolitus

186 2897 313 2922 ianuensis,
328 2896 400 2918 trater
415 2897 485 2918 lulius
505 2897 577 2918 Cesar
595 2898 731 2918 veronensis
750 2897 856 2922 studens,
872 2896 943 2918 trater
962 2896 1065 2918 Christo-

187 2940 253 2962 forus
275 2941 400 2966 patavinus
419 2941 526 2967 studens,
546 2941 617 2963 irater
638 2940 788 2967 Sperandcus
809 2942 928 2962 ianucnsis
951 2943 974 2962 et
995 2941 1067 2961 frater

189 2985 337 3006 Hieroninius
358 2985 386 3006 de
406 2985 488 3006 Monte
510 2985 632 3011 Causario,
654 2985 692 3011 piu
713 2986 734 3006 di
755 2985 800 3006 duc
820 2986 876 3006 terzi
892 2985 928 3006 del
948 2985 1066 3011 Capitolo,

1119 2673 1150 2693 lo.
1167 2673 1282 2693 Antonius
1293 2679 1319 2693 ex
1335 2673 1385 2693 eius
1401 2678 1462 2693 incra
1477 2673 1585 2697 largitate
1600 2673 1674 2693 cidem
1691 2673 1834 2693 monasterio
1850 2675 1871 2693 et
1888 2678 1929 2698 pro
1945 2673 1996 2693 cius

1117 2717 1233 2742 subsidio,
1248 2717 1372 2737 commodo
1388 2719 1409 2737 ct
1427 2717 1527 2738 utilitate
1543 2717 1598 2737 dare
1613 2719 1634 2737 ei
1654 2718 1789 2741 exbursare
1803 2716 1911 2741 intendit,
1927 2718 1995 2741 prout

1121 2762 1291 2787 presentialiter
1307 2762 1441 2782 exbursavit
1457 2763 1479 2782 et
1495 2762 1605 2782 cxbursat
1620 2767 1648 2782 ac
1663 2762 1726 2782 dedit
1743 2763 1765 2782 et
1781 2762 1820 2782 dat
1835 2767 1920 2782 aurcos
1941 2766 1997 2786 qna>

1118 2807 1260 2831 draginta.m
1276 2807 1363 2827 valoris
1377 2806 1487 2827 librarum
1510 2807 1612 2832 quinque
1628 2809 1650 2827 et
1670 2806 1790 2826 soldorum
1807 2806 1886 2826 deceni
1903 2808 1924 2826 ct
1941 2807 1994 2825 octo

1121 2851 1273 2877 imperialium
1297 2857 1338 2877 pro
1352 2851 1453 2876 singulm
1469 2851 1490 2871 in
1506 2856 1578 2876 segne
1594 2851 1615 2871 di
1636 2851 1801 2872 riconosccnza
1815 2851 1844 2875 gli
1860 2850 1996 2871 concedano

1120 2896 1166 2916 vita
1182 2901 1224 2916 sna
1240 2895 1338 2916 durante
1354 2895 1490 2916 l'usuirutto
1502 2895 1523 2915 di
1541 2895 1564 2916 10
1579 2895 1682 2921 pcrticlic
1699 2895 1720 2915 di
1737 2897 1828 2915 terreno
1839 2895 1860 2915 in
1876 2894 1994 2915 Sartiraua

1119 2940 1140 2961 di
1158 2940 1291 2960 Lomellina.

1943 3018 1969 3038 3ss
