2305 3407
324 189 422 215 ΧΧΧΙΙ

323 318 377 348 dei
403 316 562 356 Religiosi
590 324 606 346 e
633 318 760 355 quanto
786 315 852 345 allo
878 314 1058 355 splendore
1085 313 1135 344 del
1169 313 1258 344 culto
1289 312 1406 343 divino
1431 309 1524 352 (pag.
1550 309 1641 350 260),
1667 311 1710 351 gli
1743 310 1963 352 Agostiniani,
1992 311 2052 342 che
2078 320 2144 342 non

325 388 492 419 volevano
529 388 691 417 rimanere
717 388 806 417 sotto
831 388 950 425 questa
976 384 1061 415 falsa
1095 384 1179 418 luce.
1205 383 1339 415 avendo
1364 383 1396 413 di
1423 383 1476 423 gia
1511 383 1701 424 migliorato
1727 382 1755 413 le
1787 382 1858 413 loro
1889 382 2079 414 condizioni
2105 383 2146 414 ed

323 458 457 489 avendo
483 458 612 497 ragiore
638 457 669 487 di
697 457 867 488 contidare
895 456 924 486 in
954 465 994 486 un
1015 455 1070 495 piu
1091 455 1168 486 lieto
1187 454 1358 489 avvenire‚
1377 453 1441 493 agli
1473 454 1504 484 ll
1528 454 1673 493 germaio
1703 453 1785 484 1560
1810 455 1939 484 stesero
1965 453 1994 484 la
2019 453 2149 485 dichia-

326 531 458 562 razione
484 534 666 570 seguente:

421 614 432 624 κ
451 602 512 633 Nel
547 604 716 633 convento
752 602 783 631 di
812 600 844 631 S.
872 599 1045 633 Mostiola,
1072 599 1221 629 adiinato
1248 597 1267 627 il
1302 594 1472 636 Capitolo,
1498 595 1539 625 de
1573 594 1794 626 mandato...
1829 602 1896 625 rev.
1922 593 2033 625 fratris
2067 593 2151 625 Lan-

324 673 452 705 franchi
489 674 529 704 de
567 673 727 704 Vercellis
762 671 905 705 prioris,
943 672 974 701 in
1012 670 1063 701 cui
1102 678 1204 700 erano
1241 668 1347 699 anclie
1385 666 1422 697 fr.
1462 665 1597 698 Rochus
1635 665 1675 696 de
1708 663 1927 703 Cameirana‚
1963 664 2000 696 fr.
2040 664 2150 696 Ludo-

326 746 421 776 vi:us
455 745 495 776 de
530 744 701 778 Vercellis,
727 743 764 774 fr.
793 743 935 783 Egidius
962 743 1001 773 de
1036 742 1196 775 Novaria,
1222 741 1257 772 fr.
1290 739 1502 780 Augustinus
1536 739 1576 770 de
1611 738 1791 778 Malgrado
1817 740 1848 769 et
1882 737 1919 769 fr.
1953 737 2153 769 Franciscus

326 817 366 848 de
387 816 576 857 Malgrado.
596 816 651 855 piu
671 815 702 845 di
722 815 786 845 due
802 814 878 845 terzi
895 814 946 844 del
967 812 1137 853 Capitolo,
1156 812 1340 843 dicliiarasi
1360 811 1612 842 solennemente
1643 810 1762 850 «quod
1783 810 1894 850 ipsum
1914 809 2153 840 monasterium

326 892 440 920 sancte
468 887 641 918 Mustiolle
676 887 838 917 hactenus
871 885 987 916 habuit
1014 886 1044 915 et
1072 884 1171 915 babet
1198 886 1244 914 tot
1270 887 1300 914 et
1327 886 1438 914 tantos
1472 882 1636 918 redditus,
1663 882 1718 921 qui
1745 880 1919 912 sufficiunt
1946 883 1979 911 ut
2005 882 2036 912 et
2062 880 2154 920 quod

327 960 357 990 in
376 969 416 991 eo
435 958 640 990 manuteneri
660 960 691 988 et
710 957 822 988 vivere
850 957 983 996 possint
1001 958 1048 986 tot
1067 955 1185 986 fratres
1213 955 1268 995 qui
1296 955 1380 986 bene
1407 953 1580 985 sufficiunt
1605 953 1648 984 ad
1675 953 1936 984 celebrationem
1963 952 2154 983 divinorum

326 1032 513 1063 officiorum
541 1031 572 1061 in
599 1031 686 1061 dicta
720 1030 872 1063 ecclesia,
901 1029 972 1059 sine
1005 1027 1134 1059 auxilio
1165 1030 1195 1057 et
1227 1035 1292 1066 ope
1318 1026 1509 1057 reddituum
1541 1024 1735 1056 monasterii
1770 1023 1878 1055 sancti
1906 1023 2099 1065 Augustini,
2125 1026 2157 1055 et

328 1103 418 1143 quod
445 1103 567 1143 pariter
599 1102 725 1132 dictum
760 1101 999 1131 monasterium
1027 1099 1133 1130 sancti
1169 1097 1349 1138 Augustini
1385 1097 1500 1128 babuit
1526 1099 1557 1128 et
1584 1096 1685 1127 habet
1717 1098 1765 1127 tot
1790 1097 1822 1126 et
1847 1097 1960 1126 tantos
1994 1095 2158 1133 redditus,

327 1174 418 1214 quod
454 1174 484 1204 in
510 1182 550 1204 eo
581 1172 787 1203 manuteneri
822 1174 852 1202 et
879 1180 993 1202 Vivere
1026 1175 1171 1211 possunt
1198 1173 1244 1200 tot
1270 1169 1388 1200 tratres
1422 1172 1452 1199 et
1479 1168 1666 1203 studentes,
1692 1167 1749 1207 qui
1776 1167 1865 1198 dicto
1899 1167 2102 1198 monasterio
2127 1169 2158 1197 et

326 1245 544 1277 celebrationi
572 1244 764 1275 divinorum
791 1242 979 1274 officiorum
1007 1246 1037 1273 et
1064 1241 1295 1272 observationi
1333 1242 1581 1272 institutionum
1616 1240 1702 1271 dicte
1731 1239 1917 1280 Religionis
1942 1239 2160 1277 conveniunt,

327 1318 459 1357 absque
485 1316 615 1347 auxilio
634 1318 664 1346 et
683 1324 748 1355 ope
775 1314 965 1345 reddituum
987 1314 1180 1344 monasterii
1201 1316 1315 1344 sancte
1336 1313 1521 1348 Mustiolle,
1538 1313 1581 1343 ita
1600 1312 1691 1352 quod
1720 1320 1821 1342 unum
1849 1320 1913 1342 non
1940 1312 2015 1351 eget
2033 1310 2162 1341 auxilio

327 1389 465 1420 alterius
491 1391 522 1419 et
548 1396 564 1418 e
590 1389 717 1423 contra,
743 1390 773 1417 et
808 1389 960 1417 neutrum
996 1386 1146 1425 ipsorum
1183 1385 1462 1415 monasteriorum
1491 1385 1618 1416 laborat
1653 1385 1789 1424 inopia;
1816 1385 1893 1421 imo,
1920 1382 1981 1414 Dei
2009 1385 2101 1420 nutu,
2128 1383 2159 1414 in

329 1462 402 1492 dies
428 1463 593 1500 augentur
618 1462 649 1490 et
675 1459 788 1499 augeri
816 1460 994 1498 sperantur
1021 1458 1051 1487 in
1079 1456 1248 1493 futurum;
1276 1465 1335 1487 uec
1363 1461 1500 1496 propter
1525 1457 1672 1496 aliquam
1700 1457 1933 1496 paupertatem
1961 1455 2162 1486 destiterunt

330 1542 389 1564 ne:
415 1533 575 1563 desinunt
601 1531 714 1562 debita
742 1529 929 1569 Religionis
956 1530 1108 1560 instituta
1135 1529 1327 1562 observare,
1349 1528 1392 1559 ita
1411 1528 1502 1567 quod
1522 1527 1698 1558 commode
1717 1529 1898 1566 utrumque
1918 1525 2160 1556 monasterium

331 1606 370 1636 de
390 1614 448 1645 per
467 1612 502 1635 se
529 1606 560 1634 et
578 1602 697 1634 fratres
724 1603 754 1633 in
782 1602 832 1633 eis
858 1603 1107 1632 commorantes
1126 1600 1307 1640 separatim
1335 1602 1422 1630 stare
1448 1602 1478 1630 et
1505 1600 1617 1630 vivere
1645 1600 1790 1638 possunt
1815 1600 1847 1628 et
1873 1597 2024 1637 predicta
2051 1596 2165 1627 debita

334 1676 519 1717 Religionis
545 1675 698 1706 instituta
724 1673 859 1713 exequi.
879 1671 932 1704 Sic
951 1681 1011 1703 eos
1030 1671 1124 1703 Deus
1142 1672 1292 1706 adiuvet,
1312 1672 1343 1702 in
1363 1671 1497 1702 nomine
1524 1669 1634 1701 Patris
1659 1672 1690 1700 et
1717 1669 1788 1700 Filii
1816 1671 1845 1699 et
1872 1667 2020 1708 Spiritus
2038 1665 2162 1702 Sancti,

332 1757 440 1780 amen.
460 1746 595 1785 Quibus
612 1746 772 1777 omnibus
790 1748 821 1776 et
839 1745 984 1785 singulis
1003 1745 1050 1775 sic
1077 1743 1258 1784 peractis...
1277 1752 1344 1773 rev.
1364 1743 1394 1773 d.
1411 1742 1535 1773 Fabius
1552 1740 1761 1781 (Viustinus)
1778 1740 1879 1770 iudex
1899 1742 1929 1770 et
1947 1739 2167 1769 conservator

331 1819 588 1861 apostolicus...
615 1817 847 1849 auctoritatem
874 1825 969 1848 suam
997 1816 1120 1856 pariter
1145 1817 1175 1846 et
1201 1815 1371 1845 decretum
1399 1814 1543 1854 prestitit
1569 1816 1599 1844 et
1626 1811 1828 1852 interposuit
1853 1819 1891 1842 ac
1919 1810 1986 1847 dat,
2011 1811 2072 1841 etc.
2091 1823 2120 1840 ».

422 1891 495 1924 Una
530 1891 675 1921 identica
708 1889 958 1920 dichiarazione
991 1887 1024 1918 fu
1052 1887 1132 1918 fatta
1168 1886 1255 1917 nello
1281 1890 1393 1917 stesso
1428 1886 1459 1916 di
1493 1884 1546 1916 dal
1582 1882 1741 1924 Capitolo
1768 1883 1801 1913 di
1835 1881 1868 1914 S.
1896 1881 2074 1923 Agostino,
2099 1880 2164 1912 alla

333 1972 496 2005 presenza
531 1972 547 1994 e
581 1961 939 1993 coll'autorizzazione
978 1960 1028 1991 del
1064 1958 1315 1991 Conservatore
1348 1967 1364 1988 e
1399 1956 1544 1988 Giudice
1582 1955 1775 1996 apostolico
1813 1953 1865 1984 del
1904 1955 2074 1984 convento
2107 1949 2167 1990 (1).

334 2034 453 2073 Questi
479 2035 536 2066 atti
563 2042 664 2065 erano
691 2033 873 2064 necessarii
899 2032 965 2073 agli
994 2031 1206 2073 Agostiniani
1235 2016 1292 2070 per
1319 2030 1557 2060 documentare
1588 2027 1608 2057 il
1635 2034 1800 2066 processo
1827 2025 1887 2056 che
1914 2024 2005 2055 s’era
2032 2023 2166 2054 iniziato

335 2114 455 2147 presso
491 2106 519 2136 la
553 2103 583 2137 S.
612 2103 865 2136 Penitenzieria.
893 2103 916 2134 Ε
942 2105 1063 2143 questa
1098 2106 1187 2133 sotto
1221 2102 1250 2132 la
1277 2102 1353 2132 data
1388 2100 1439 2131 del
1478 2100 1515 2130 15
1548 2098 1702 2129 febbraio
1739 2097 1822 2128 1560
1855 2095 2062 2136 pubblicava
2101 2102 2165 2125 una

335 2178 459 2211 lettera.
476 2186 539 2208 con
567 2177 596 2207 la
623 2176 721 2216 quale
747 2176 967 2206 riconosceva
993 2175 1054 2205 clie
1081 2174 1109 2205 le
1136 2172 1358 2204 convenzioni
1386 2172 1417 2202 di
1437 2171 1488 2201 cui
1517 2168 1724 2200 discutevasi
1745 2176 1810 2198 non
1837 2175 1992 2198 avevano
2011 2165 2031 2196 il
2051 2164 2164 2196 valore

337 2251 471 2289 preteso
498 2248 586 2279 dalle
622 2247 801 2278 Monache.
829 2246 917 2278 Ecco
944 2247 972 2277 la
1000 2246 1133 2277 lettera:

432 2330 445 2342 «
464 2319 627 2351 Altonsus
652 2317 775 2351 Carasa
801 2318 1016 2349 miseratione
1042 2317 1157 2348 divina
1183 2315 1326 2349 Sanctae
1352 2315 1481 2346 Mariae
1501 2314 1532 2345 in
1559 2312 1722 2344 Domnica
1748 2309 1890 2343 Sanctae
1916 2309 2087 2343 Romanae
2106 2307 2166 2339 Ec-

337 2391 460 2422 clesiae
487 2388 680 2422 Cardinalis
712 2389 960 2430 Neapolitanus
993 2388 1174 2429 vulgariter
1206 2388 1432 2427 nuncupatus,
1459 2384 1621 2418 Camerae
1653 2383 1862 2424 apostolicae
1896 2380 2028 2422 Regens
2059 2387 2167 2411 roma-

339 2470 470 2502 naeque
496 2459 618 2493 Curiae
646 2460 749 2492 ludex
775 2460 968 2491 ordinarius
994 2459 1234 2491 sententiarum
1262 2466 1398 2498 quoque
1423 2459 1453 2488 et
1479 2463 1696 2488 censurarum
1716 2454 1747 2485 in
1773 2452 1890 2484 eadem
1910 2458 2046 2482 romana
2064 2447 2166 2482 Curia

340 2533 480 2564 latarum
506 2541 543 2564 ac
570 2533 752 2564 litterarum
786 2532 1051 2572 apostolicarum
1087 2530 1291 2561 universalis
1316 2531 1347 2560 et
1373 2536 1486 2560 merus
1511 2528 1684 2563 executor,
1709 2533 1728 2556 a
1753 2524 1834 2556 sede
1859 2521 2050 2563 apostolica
2075 2522 2107 2552 et
2132 2518 2164 2552 S.

341 2603 380 2635 D.
408 2604 445 2635 N.
474 2603 566 2644 Papa
592 2604 785 2644 specialiter
818 2603 1013 2643 deputatus,
1041 2602 1224 2643 Magnifico
1258 2601 1396 2632 domino
1422 2597 1581 2631 Civitatis
1607 2596 1733 2637 Papiae
1760 2593 1986 2627 Gubernatori
2020 2593 2164 2632 eiusque

340 2676 487 2706 dominis
513 2675 792 2712 locatenentibus,
812 2674 1044 2709 Auditoribus,
1065 2673 1271 2705 officialibus
1297 2675 1328 2703 et
1355 2670 1435 2704 Rev.
1461 2670 1601 2701 domino
1627 2667 1802 2708 preposito
1827 2665 1990 2697 ecclesiae
2016 2664 2164 2695 omnium

341 2749 534 2777 sanctorum
561 2744 719 2778 Civitatis
745 2744 870 2786 Papiae
896 2746 1088 2790 ceterisque
1116 2744 1229 2775 lll.mis
1255 2743 1403 2775 dominis
1420 2743 1451 2772 et
1472 2739 1675 2776 Batonibus,
1694 2736 1881 2771 millitibus,
1907 2734 2107 2776 Capitaneis
2124 2742 2163 2766 ac

342 2816 525 2854 ludicibus,
552 2814 818 2853 Commissariis‚
844 2816 1033 2855 dellegatis‚
1059 2815 1316 2855 subdellegatis,
1342 2811 1524 2844 ordinariis
1542 2813 1573 2842 et
1598 2805 1887 2846 extraordinariis,
1906 2807 2050 2847 aliisque
2068 2805 2166 2837 luris-

343 2887 524 2919 dictionem
551 2886 759 2927 spiritualem
786 2889 816 2918 et
842 2886 1061 2926 temporalem
1089 2894 1175 2916 nunc
1200 2887 1231 2917 et
1257 2894 1316 2925 pro
1350 2887 1499 2924 tempore
1533 2881 1737 2913 habentibus
1761 2882 1792 2912 et
1817 2878 2066 2912 exercentibus,
2091 2879 2165 2914 etc.,

400 3044 418 3065 (l
449 3044 557 3066 Archivio
572 3043 723 3068 dell'Ordine‚
739 3043 846 3064 Notitiae
862 3042 927 3064 Prov.
942 3042 1105 3067 Lombardiae,
1121 3042 1166 3063 vol.
1184 3042 1226 3066 Aa,
1282 3041 1316 3066 23,
1333 3041 1378 3061 vol.
1394 3040 1435 3062 599
1449 3045 1462 3061 e
1476 3039 1523 3061 560.
