2305 3407
1939 171 2003 203 293

910 350 1286 391 CMLXXXV.

277 461 409 488 Laurea
433 460 465 488 in
490 459 638 495 teologia
665 459 699 487 di
724 460 811 487 frate
837 459 1012 487 Giovanni
1038 459 1189 487 Antonio
1215 458 1375 487 Amieoni
1402 458 1435 487 di
1461 459 1571 487 Pavia
1597 467 1614 487 e
1641 459 1675 487 di
1701 460 1790 487 frate
1809 460 2006 488 Franeesco

189 523 354 551 Acevedo
380 522 559 553 Lusitano,

774 643 915 672 1561.
949 645 1295 673 llox‘e1111)re,
1329 643 1418 668 20.

724 767 800 788 Ascli.
817 767 890 787 Notar
915 767 936 787 di
956 766 1024 787 l'avia
1044 778 1066 780 —
1084 767 1130 788 Atti
1147 767 1168 787 di
1185 767 1243 788 (iian
1259 767 1360 788 Antonio
1376 767 1452 792 chna
1468 784 1470 787 .

268 915 381 1028 Α
436 944 599 970 NTONJUS
626 939 755 970 Marius
782 937 944 970 Caballus
963 939 1043 969 iuris
1063 939 1237 979 utriusque
1255 939 1383 975 doctor,
1403 938 1675 970 reverendissimi
1696 939 1726 969 in
1746 937 1882 970 Christo
1909 939 2013 978 patris

458 1005 489 1033 et
523 1002 740 1033 illustrissimi
775 1002 900 1032 domini
934 1002 1059 1032 domini
1096 1001 1258 1042 Hippoliti
1285 1001 1326 1032 de
1359 1000 1484 1034 Rubeis
1511 1000 1571 1032 Dei
1598 1003 1628 1032 et
1661 1000 1879 1041 Apostolicae
1914 1000 2012 1033 Sedis

428 1054 429 1061 ἵ
458 1065 563 1104 gratia
596 1063 758 1104 Episcopi
786 1062 1016 1095 Cononiensis
1041 1066 1072 1095 et
1098 1063 1317 1096 Coadiutoris
1344 1063 1471 1096 Revmi
1499 1064 1528 1094 in
1563 1062 1700 1095 Christo
1727 1064 1831 1103 patris
1856 1065 1887 1094 et
1921 1063 2010 1094 ill.mi

186 1127 311 1157 domini
339 1127 464 1158 domini
493 1126 534 1157 lo.
563 1126 745 1157 Hieronimi
765 1126 806 1157 de
834 1125 959 1159 Rubeis
986 1125 1147 1167 Episcopi
1175 1126 1351 1166 papiensis
1377 1128 1407 1157 et
1426 1124 1580 1163 Comitis,
1608 1135 1667 1157 nec
1693 1135 1758 1156 non
1778 1125 2008 1157 florentissimi

187 1189 361 1220 ticinensis
393 1189 573 1229 gymnasii,
606 1188 796 1228 apostolico
828 1190 859 1219 et
893 1188 1055 1228 imperiali
1091 1188 1290 1229 privilegiis,
1317 1186 1519 1220 Cancellwrii
1555 1188 1770 1225 meritissimi,
1797 1187 1950 1218 Vicarius
1983 1190 2013 1218 et

186 1248 437 1283 Locumtenens
452 1250 628 1283 Generalis
647 1260 684 1282 ac
702 1250 1009 1282 Vicecancellarius
1028 1251 1221 1291 specialiter
1235 1251 1428 1291 deputatus,
1444 1251 1613 1281 universis
1628 1252 1659 1282 et
1678 1250 1821 1291 singulis
1837 1252 2013 1290 presentes

187 1315 401 1355 inspecturis,
427 1314 571 1345 salutem
599 1314 628 1344 in
657 1312 803 1344 Domino
829 1315 860 1344 et
887 1314 1107 1345 reverentiam
1134 1315 1200 1344 tam
1228 1313 1375 1344 debitam
1410 1321 1511 1353 quam
1538 1313 1707 1344 devotam.

277 1376 345 1408 Etsi
373 1376 521 1407 omnium
550 1385 609 1416 pro
636 1376 796 1407 scientiae
824 1376 1001 1416 margarita
1027 1375 1241 1415 capescenda
1276 1375 1505 1407 insudantium
1540 1375 1656 1409 virtus.
1683 1375 1839 1415 exigente
1874 1375 2011 1411 iustitia,

188 1440 301 1480 dignis
327 1439 368 1469 sit
395 1448 452 1479 pre
465 1439 532 1469 ⁴riis
551 1438 755 1475 decoranda,
775 1438 819 1468 illi
840 1440 949 1469 tamen
976 1438 1032 1477 qui
1053 1439 1083 1469 in
1111 1446 1206 1469 sacra
1232 1438 1414 1478 theologia,
1434 1446 1520 1477 quae
1546 1439 1596 1468 est
1622 1437 1771 1468 omnium
1792 1439 1894 1468 mater
1912 1439 2013 1477 atque

189 1502 347 1542 magistra
373 1503 404 1532 et
430 1501 506 1532 fidei
534 1500 789 1531 fundamentum
805 1509 842 1531 ac
863 1500 915 1531 via
935 1502 1024 1531 recta
1042 1500 1083 1531 ad
1112 1500 1213 1531 vitam
1240 1502 1400 1537 eternam,
1420 1500 1555 1540 propria
1582 1499 1812 1539 relinquentes
1828 1501 1859 1530 et
1877 1500 2013 1539 seipsos

186 1564 407 1604 abnegantes
434 1572 491 1603 per
517 1562 651 1593 diversa
686 1562 798 1592 mondi
826 1562 971 1599 climata,
998 1562 1110 1593 studia
1149 1564 1308 1599 rorarunt,
1334 1564 1364 1593 et
1391 1562 1422 1592 in
1449 1562 1499 1593 eis
1533 1564 1649 1592 noctes
1675 1570 1818 1601 persepe
1852 1561 2014 1592 ducentes

189 1626 372 1659 insomnes.
399 1625 574 1656 immensis
607 1624 782 1655 laboribus
815 1626 845 1655 et
879 1624 1074 1658 sudoribus,
1102 1624 1255 1655 bravium
1290 1624 1480 1664 attigerunt,
1506 1623 1651 1664 digniori
1685 1625 1763 1654 sunt
1789 1623 1916 1654 honore
1943 1632 2015 1663 pre-

189 1687 312 1718 miandi
332 1688 363 1718 et
380 1687 495 1717 maiori
516 1686 699 1717 reverentie
718 1686 808 1716 dono
828 1686 1022 1717 decorandi.
1042 1684 1127 1718 Cum
1148 1686 1260 1726 itaque
1280 1686 1423 1717 dilectus
1443 1686 1473 1716 in
1500 1684 1637 1717 Christo
1657 1686 1751 1725 pater
1770 1684 2014 1716 baccalaureus

189 1750 346 1790 magister
375 1748 474 1780 frater
500 1748 542 1779 lo.
564 1748 730 1779 Antonius
749 1748 789 1779 de
816 1747 1039 1779 Amiconibus
1058 1748 1098 1779 de
1118 1748 1235 1788 Papia,
1254 1747 1394 1780 Ordinis
1417 1747 1661 1779 Heremitarum
1687 1748 1794 1778 sancti
1821 1746 2013 1787 Augustini,

186 1811 276 1842 omni
304 1812 423 1842 virtute
451 1810 643 1847 laudabilis,
663 1812 740 1850 post
758 1812 855 1841 actus
873 1810 1101 1841 scholasticos
1121 1819 1178 1851 per
1203 1819 1278 1842 eum
1297 1812 1517 1841 consumatos
1544 1810 1575 1840 in
1594 1809 1766 1841 Ticinensi
1793 1811 1824 1840 et
1850 1808 2013 1840 Patavina

188 1873 394 1907 Academiis,
421 1876 451 1904 et
484 1882 500 1903 a
535 1873 673 1903 multum
709 1873 896 1903 reverendo
923 1873 1085 1913 magistro
1110 1871 1325 1904 Christoforo
1354 1871 1531 1909 PatavinQ
1558 1870 1716 1904 Generali
1743 1872 1846 1903 totius
1873 1870 2012 1903 Ordinis

188 1935 442 1972 l-leremitarum,
468 1935 509 1966 ad
527 1934 738 1975 infrascripta
766 1935 968 1971 licentiatus,
988 1936 1021 1965 ut
1047 1935 1146 1966 fidem
1161 1934 1240 1966 tecit
1266 1935 1384 1966 litteris
1410 1934 1482 1965 suis
1509 1934 1705 1974 patentibus
1723 1934 1787 1965 sub
1805 1934 1882 1964 data
1902 1933 2013 1965 lanue.

187 1997 240 2028 die
268 1996 307 2027 Xl
333 1998 466 2037 augusti
495 1997 571 2027 anni
600 1997 776 2036 presentis,
796 1997 859 2027 sub
885 1997 1030 2037 singulis
1049 1996 1275 2037 infrascriptis
1293 1996 1491 2027 reverendis
1517 1996 1671 2036 patribus
1689 2004 1804 2027 sacrae
1823 1995 2013 2035 theologiae

185 2060 382 2090 doctoribas
409 2059 632 2098 responderit.
659 2059 814 2098 aliosque
839 2060 935 2089 actus
962 2058 1193 2089 baccalaureis
1220 2067 1280 2098 pro
1298 2058 1405 2089 torma
1432 2057 1623 2098 legentibus
1642 2057 1876 2088 incumbentes
1896 2057 2011 2088 lauda-

187 2121 297 2153 biliter
315 2121 512 2153 exercuerit,
527 2123 557 2151 et
577 2122 686 2160 postm
705 2121 794 2151 rdum
821 2129 932 2151 coram
953 2121 1051 2151 nobis
1071 2129 1128 2160 per
1143 2120 1371 2151 venerandum
1398 2118 1587 2160 Collegium
1614 2119 1876 2150 1everendorum
1896 2127 2011 2150 sacrae

186 2183 354 2221 theologie
381 2183 568 2217 doctorum,
596 2181 751 2212 videlicet
778 2183 1015 2222 magistrorum
1042 2181 1210 2213 Francisci
1238 2180 1358 2213 Solarii
1384 2181 1531 2212 astensis
1561 2179 1701 2212 Ordinis
1736 2180 1905 2211 Minorum
1933 2189 2012 2211 con-

188 2245 406 2279 ventualium,
433 2244 563 2279 decani,
591 2244 701 2275 lacobi
730 2243 877 2284 Philippi
912 2244 952 2274 de
987 2244 1189 2275 Marchesiis
1214 2243 1366 2274 eiusdem
1393 2242 1532 2275 Ordinis
1557 2245 1589 2274 et
1615 2241 1782 2273 Dominici
1809 2242 1850 2274 de
1876 2241 2009 2274 Sanctis

186 2306 326 2339 Ordinis
341 2306 609 2343 Carmelitarumy
626 2309 854 2346 promotorum
875 2315 1023 2343 suorum,
1043 2315 1081 2337 ac
1101 2306 1361 2337 reverendorum
1378 2305 1590 2336 dominorum
1610 2305 1846 2345 magistrorum
1873 2304 2010 2336 fratrum

187 2368 388 2409 Archangeli
417 2369 664 2400 Lantranchoni
692 2368 831 2400 Ordinis
857 2367 1122 2403 Carmelitarum,
1151 2367 1257 2399 Marci
1284 2367 1419 2398 Antonii
1447 2367 1487 2398 de
1514 2366 1742 2400 Guidobonis.
1776 2366 1935 2398 Iohannis
1968 2367 2008 2398 de

187 2430 312 2462 Tertiis
339 2431 574 2471 bergomensis
599 2435 629 2462 et
656 2431 828 2462 Theodori
855 2429 959 2462 Coste
986 2429 1125 2461 Ordinis
1152 2430 1321 2461 Minorum
1348 2429 1693 2467 conventualiu1n‚ad
1719 2438 1862 2460 examen
1889 2430 2012 2460 bacha-

186 2493 375 2524 laureorum
409 2494 450 2524 ad
490 2494 719 2533 magisterium
757 2493 980 2533 aspirantium
1014 2493 1164 2533 rigorose
1202 2492 1417 2523 examinatus
1451 2491 1559 2529 tuerit,
1585 2493 1616 2522 et
1650 2491 1737 2522 idem
1775 2491 1935 2531 magister
1967 2491 2009 2522 lo.

187 2554 353 2586 Antonius
369 2556 400 2586 in
416 2555 571 2587 examine
599 2556 674 2595 ipso
701 2564 736 2587 se
752 2555 861 2586 taliter
887 2554 1041 2585 habuerit
1065 2554 1155 2594 quod
1173 2563 1230 2594 per
1256 2553 1406 2594 prefatos
1425 2552 1556 2584 Patrem
1575 2552 1749 2584 Decanum
1775 2555 1806 2584 et
1824 2553 2010 2593 Magistros

184 2617 227 2648 ad
252 2617 447 2649 doctoratus
473 2617 616 2658 gradum
644 2618 673 2648 in
702 2616 831 2657 prefata
857 2625 951 2648 sacra
978 2616 1150 2656 theologia
1176 2616 1420 2647 assumendum
1448 2615 1592 2647 idoneus
1617 2617 1648 2646 et
1674 2614 1860 2653 sufficiens⁷
1878 2624 2008 2646 summa

184 2687 258 2710 cum
285 2679 394 2716 laude,
422 2679 690 2719 unanimiterque
716 2681 748 2711 et
773 2679 993 2715 concorditer,
1013 2678 1145 2710 nemine
1170 2686 1285 2709 eorum
1304 2678 1530 2718 discrepante,
1546 2677 1757 2718 approbatus
1775 2677 1883 2714 fuerit,
1899 2679 1932 2708 ut
1951 2686 2009 2717 per

184 2741 323 2773 cedulas
348 2742 610 2782 approbatorias
637 2742 737 2773 nobis
762 2751 780 2773 a
806 2741 946 2782 prefatis
979 2741 1126 2772 dominis
1159 2741 1367 2778 doctoribus,
1394 2740 1425 2771 in
1452 2742 1582 2772 secreto
1616 2740 1779 2771 scrutinio
1815 2740 1924 2777 datas,
1950 2749 2007 2771 co-

185 2804 367 2844 gnovimus
399 2804 582 2841 evidenter,
607 2806 638 2836 et
671 2804 811 2845 proinde
845 2812 917 2841 nos,
944 2803 1097 2835 volentes
1122 2803 1232 2835 eidem
1266 2803 1427 2843 magistro
1459 2802 1550 2834 fratri
1577 2802 1620 2834 lo.
1647 2801 1806 2839 Antonio,
1832 2802 2006 2833 laboribus

185 2865 258 2897 suis
289 2865 427 2906 dignum
461 2865 606 2898 fructum
639 2874 739 2906 quam
774 2874 960 2906 possumus
986 2865 1125 2897 reddere
1158 2873 1371 2905 generosum,
1397 2864 1542 2896 eundem
1573 2864 1767 2904 magistrum
1802 2863 1934 2894 fratrem
1962 2863 2004 2894 lo.

187 2925 379 2965 Antonium,
406 2929 477 2959 suis
503 2929 550 2960 sic
583 2928 801 2969 exigentibus
833 2928 1057 2963 benemeritis,
1085 2926 1266 2958 Doctorem
1300 2927 1331 2957 in
1366 2925 1494 2967 prefata
1527 2935 1621 2958 sacre
1647 2926 1817 2967 theologie
1850 2925 2003 2962 scientia,

184 2989 382 3022 auctoritate
408 2990 528 3031 prefati
556 2989 682 3023 Revmi
710 2990 836 3022 domini
863 2989 989 3021 domini
1016 2988 1179 3030 Episcopi
1206 2987 1407 3021 Cancellarii
1426 2989 1592 3029 utsupra,
1611 2997 1678 3028 qua
1702 2987 1873 3028 fungimur
1891 2986 1922 3017 in
1942 2986 2003 3017 hac
