2305 3407
299 145 362 176 212

297 281 337 311 de
363 279 463 310 lanua
489 287 618 314 cursor,
645 276 745 308 trater
772 276 972 307 Laurentius
998 274 1039 305 de
1067 273 1172 314 Papia
1199 273 1354 309 sacrista,
1381 271 1480 303 trater
1506 271 1647 302 lacobus
1672 270 1713 301 de
1740 269 1857 311 Papia,
1893 269 1994 301 trater
2020 268 2112 300 Felix

298 342 337 372 de
364 341 450 372 Exio
475 337 700 379 (cancellato),
738 324 847 370 fraterv
865 337 1083 368 Hieronimus
1109 336 1150 367 de
1178 335 1331 370 MaxinO,
1368 333 1468 365 trater
1498 332 1678 374 Philippis
1704 333 1744 364 de
1771 332 1978 369 Mediolano,
2015 331 2115 363 trater

300 403 453 436 Rubinus
479 403 520 434 de
547 400 792 433 Montefortino
817 396 1044 439 (cancellato),
1081 398 1182 429 frater
1219 397 1376 428 Aurelius
1413 397 1453 427 de
1490 394 1676 432 CorinaltO,
1713 395 1812 426 frater
1838 393 2049 435 Augustinus
2074 393 2115 424 de

301 465 416 506 Papia,
442 468 473 496 et
500 464 599 495 trater
625 462 806 496 Cornelius
831 462 872 493 de
899 460 1081 492 Placentia.
1103 459 1162 501 piri
1187 460 1222 491 di
1245 459 1308 491 due
1333 460 1414 491 terzi
1437 459 1491 490 del
1517 457 1680 498 Capitolo,
1706 458 1736 489 si
1759 457 1901 489 concede
1926 456 2117 488 investitura

296 530 453 569 perpetua
479 527 547 558 allu
572 526 682 558 nobile
708 525 892 556 Elisabetta
918 524 957 555 de
989 523 1107 562 Vegiis,
1134 521 1256 561 moglie
1280 522 1315 553 di
1339 521 1500 561 Agostino
1516 520 1638 553 Succlzi
1661 520 1695 551 ιίι·
1719 519 2015 557 P01·ia,clialcune
2040 520 2119 549 terre

300 591 331 622 in
360 588 585 624 Giovenzano,
610 588 669 627 gt'ci
706 588 856 619 investite
881 586 915 617 al
932 585 974 626 su
1001 584 1079 616 Pier
1101 584 1244 616 Antonio
1281 583 1402 616 Saccln'
1425 583 1479 614 nel
1505 583 1599 619 1511,
1623 583 1670 614 26
1693 582 1805 623 aprile.
1844 589 1903 613 con
1929 582 2118 612 [strumento

299 654 414 692 rogato
440 652 482 683 du
511 650 598 683 Gicm
624 650 785 689 Agostitio
811 649 975 680 Morasco.
1002 647 1031 678 ll
1055 655 1181 678 conone
1206 655 1316 677 annuo
1341 645 1358 677 ἑ
1375 645 1498 686 fissato
1523 646 1555 676 ill
1581 645 1637 676 lire
1667 645 1706 676 18
1729 643 1892 684 imperiali
1925 642 2062 674 durante
2087 642 2120 674 la

304 715 368 746 vitu
393 714 646 749 dell'investita,
672 721 726 743 mu
752 711 839 751 dopo
865 710 1045 742 ascenderit
1071 718 1091 741 a
1116 709 1174 740 IIre
1197 709 1243 741 25
1259 706 1320 747 (1).

1131 910 1300 951 CMII.

393 1034 406 1061 1
433 1033 585 1069 Capitoli
611 1032 645 1060 di
672 1032 707 1060 S.
734 1030 907 1067 Agostino
933 1039 950 1058 e
977 1030 1011 1058 di
1039 1030 1074 1058 S.
1102 1030 1222 1057 Pietro
1249 1029 1283 1057 in
1308 1028 1383 1057 Ciel
1409 1028 1518 1056 d'Oro
1544 1035 1769 1063 consegnano
1798 1026 1830 1055 le
1859 1026 1983 1054 lettere
2001 1024 2057 1054 dei
2082 1024 2126 1053 ri-

306 1087 450 1124 spettivi
478 1086 645 1115 Generali
671 1094 732 1121 per
757 1084 1047 1121 l'approvazione
1074 1083 1166 1111 delle
1192 1082 1436 1111 eonvenzioni.

948 1206 1112 1237 1543,
1146 1205 1411 1237 nmaggio,
1444 1205 1497 1230 ὅ.

803 1296 880 1319 (Arcti.
898 1295 979 1315 Notar.
996 1294 1018 1315 di
1036 1294 1114 1315 Pax-ia⁴
1132 1305 1155 1307 —
1172 1294 1219 1314 Atti
1237 1293 1258 1314 di
1275 1293 1301 1314 G.
1319 1293 1463 1314 Bernardino
1480 1292 1539 1314 della
1556 1292 1630 1318 Ripa»

417 1483 462 1598 Ι
557 1501 581 1526 Ν
607 1495 710 1527 choro
736 1494 882 1526 ecclesie
908 1494 1101 1524 sanctorum
1129 1491 1216 1523 Petri
1243 1492 1274 1523 in
1301 1492 1375 1524 celo
1399 1500 1502 1523 aureo
1527 1493 1558 1522 et
1585 1490 1776 1531 Augustini,
1809 1488 1990 1522 Cittadelle
2015 1489 2132 1531 Papie‚

581 1558 721 1589 adunati
745 1558 756 1588 i
781 1555 927 1597 Capitoli
950 1555 1004 1587 dei
1030 1554 1192 1588 Canonicl
1215 1554 1375 1595 Regolari
1397 1554 1432 1586 di
1456 1553 1488 1586 S.
1516 1553 1626 1585 pietro
1651 1553 1682 1584 in
1711 1551 1781 1585 Ciel
1804 1552 1836 1584 α’
1849 1561 1906 1584 oro
1931 1552 2018 1584 della
2046 1551 2132 1585 Con-

578 1620 782 1660 gregazione
800 1619 1005 1654 Lateranese,
1033 1626 1049 1649 e
1074 1617 1165 1657 degli
1188 1617 1370 1649 Eremitani
1393 1617 1428 1649 di
1452 1616 1483 1649 S.
1510 1617 1684 1657 Agostisso,
1711 1616 1751 1647 de
1778 1615 1947 1647 mandatis
1971 1618 2003 1646 et
2028 1616 2136 1656 impo-

314 1683 511 1715 xicionibus
538 1682 715 1714 reverendi
744 1682 871 1713 domini
899 1681 966 1712 don
994 1680 1174 1720 Augustini
1202 1680 1242 1711 de
1269 1679 1426 1711 Beccaria
1469 1678 1635 1719 Prepositi
1673 1679 1752 1709 dieti
1795 1678 1991 1709 monasterii
2025 1677 2132 1709 sancti

314 1745 400 1777 Petri
427 1749 457 1777 et
484 1745 658 1777 reverendi
686 1745 812 1776 domini
839 1743 950 1774 fratris
976 1743 1106 1774 Nicolai
1133 1742 1359 1774 Vercellensis
1385 1742 1576 1782 subprioris
1602 1741 1679 1772 dicti
1707 1741 1902 1772 monasterii
1937 1740 2044 1771 sancti
2071 1738 2138 1771 Au-

314 1809 438 1850 gustini
467 1808 655 1848 respective
682 1806 879 1843 retierend0‚
916 1805 970 1837 del
1004 1805 1085 1845 qual
1119 1805 1233 1836 ultimo
1270 1804 1423 1845 capitolo,
1462 1804 1541 1835 oltre
1566 1803 1589 1835 il
1612 1804 1817 1844 sottopriffl‘e,
1851 1802 2021 1843 fucevano
2042 1803 2137 1842 parte

314 1871 413 1902 frater
440 1870 697 1901 Bartliolerneus
725 1869 891 1908 hispanus
916 1876 1042 1903 cursor,
1070 1866 1172 1898 frater
1198 1867 1343 1898 Micliael
1370 1867 1411 1898 de
1438 1866 1555 1898 Padua
1596 1874 1723 1903 cursor,
1749 1865 1850 1897 trater
1876 1864 2071 1896 Alexander
2096 1864 2136 1896 de

316 1933 416 1964 lanua
442 1941 569 1970 cursor,
596 1931 698 1962 frater
725 1931 924 1962 Laurentius
949 1930 990 1961 de
1018 1928 1123 1970 Papia
1150 1930 1302 1966 sacrista,
1328 1929 1429 1961 frater
1456 1928 1672 1960 Hieronimus
1698 1928 1739 1959 de
1766 1927 1919 1965 Maxino,
1960 1926 2060 1958 frater
2086 1925 2137 1957 Fi-

316 1996 430 2035 lippus
456 1995 496 2026 de
524 1994 734 2031 Mediolano,
760 1993 861 2024 frater
888 1992 1043 2025 Rubinus
1068 1993 1109 2023 de
1136 1991 1392 2029 Montefortino,
1418 1991 1518 2022 frater
1536 1990 1694 2022 Aurelius
1719 1990 1759 2021 de
1785 1988 1970 2022 Corinaldo
1988 1990 2020 2020 et
2036 1988 2136 2020 frater

316 2056 496 2090 Cornelius
522 2057 563 2088 de
590 2055 775 2093 Placentia,
801 2056 831 2087 si
854 2055 1003 2086 dichiara
1028 2054 1086 2086 dul
1110 2053 1268 2085 Prevosto
1293 2063 1310 2085 e
1335 2054 1393 2085 dai
1415 2054 1490 2085 suoi
1516 2052 1678 2085 Canotzici
1713 2052 1873 2092 Regolari
1909 2059 1999 2083 verso
2024 2050 2048 2082 il
2073 2049 2137 2083 Ca-

312 2120 417 2161 pitolo
443 2119 533 2159 degli
556 2118 768 2150 Eretnilani...
796 2118 958 2149 habuisse
983 2120 1014 2148 et
1041 2117 1211 2157 recepisse
1238 2117 1365 2148 litteras
1390 2116 1572 2157 originales
1599 2118 1754 2156 patentes
1780 2115 1888 2150 datas,
1925 2114 2139 2153 subscriptas

317 2185 415 2223 prout
442 2183 473 2212 in
500 2182 549 2213 eis
575 2181 775 2218 continetur,
816 2179 924 2211 factas
962 2188 1021 2220 per
1057 2179 1279 2211 reverendum
1308 2179 1338 2210 in
1365 2177 1502 2210 Christo
1544 2177 1674 2209 Patrem
1705 2178 1878 2209 dominum
1907 2176 2136 2207 Hieronimum

318 2244 579 2285 Neapolitanum
608 2242 755 2274 Priorem
783 2241 983 2274 Generalem
1011 2242 1114 2273 totius
1140 2240 1280 2273 Ordinis
1306 2241 1518 2272 dominorum
1547 2240 1695 2271 Fratrum
1723 2239 1965 2271 l-leremitarum
1991 2246 2140 2269 conven-

318 2307 469 2343 tualium,
495 2306 727 2337 ratificationis
754 2305 964 2336 instrumenti
991 2304 1256 2335 transactionum
1283 2306 1314 2335 et
1340 2303 1602 2334 conventionum
1636 2302 1833 2333 factarum...
1859 2310 1947 2332 anno
1977 2300 2060 2332 1542
2084 2300 2138 2332 die

319 2370 415 2401 tertio
442 2369 568 2400 mensis
595 2368 823 2399 novembris...
851 2376 992 2407 quarum
1030 2367 1212 2398 litterarum
1247 2366 1431 2406 patentium
1459 2368 1554 2396 tenor
1579 2365 1656 2396 talis
1682 2367 1743 2401 est,
1770 2363 1949 2395 videlicet:
1974 2360 2092 2402 (segue
2117 2362 2140 2394 il

379 2536 408 2559 (l)
424 2535 455 2555 Lo
470 2536 548 2555 stesso
573 2534 685 2559 capitolo,
710 2533 755 2559 agli
771 2534 783 2553 8
798 2533 819 2553 di
836 2533 922 2559 giugno
947 2532 968 2552 di
985 2533 1142 2558 quest'anno,
1157 2538 1200 2553 con

323 2580 374 2600 atto
390 2579 411 2599 di
427 2578 555 2599 Tommaso
571 2578 702 2603 Quaresmi,
719 2577 793 2598 vende
809 2583 850 2603 per
865 2577 905 2597 lire
923 2577 960 2597 100
974 2577 995 2597 al
1011 2577 1064 2597 nob.
1083 2577 1201 2597 Bernardo

325 2623 433 2644 Beccaria
450 2629 478 2643 un
495 2628 565 2643 censo
581 2624 697 2648 perpetuo
713 2622 734 2642 (11
751 2622 796 2642 due
818 2622 894 2642 sacelli
920 2622 941 2642 di
964 2621 1080 2642 frumento
1096 2627 1122 2641 su
1139 2623 1199 2642 terre

325 2669 346 2688 in
362 2668 414 2688 loco
430 2667 574 2693 Glarearurn,
590 2667 627 2693 gia
643 2669 779 2693 temperato
795 2667 815 2688 ai
834 2667 857 2687 18
872 2671 951 2687 marzo
969 2666 1026 2690 1528.
1049 2672 1091 2687 con
1114 2668 1164 2686 atto
1181 2666 1202 2686 di

327 2712 450 2733 Geroiamo
474 2712 617 2738 Gazzanign,
644 2712 672 2732 da
698 2711 756 2732 irate
781 2711 861 2732 Nicola
883 2711 911 2732 da
935 2711 1031 2732 Vercelli
1048 2717 1061 2731 o
1077 2711 1105 2731 da
1123 2710 1201 2731 Lentii.

326 2757 391 2777 Nello
407 2759 485 2777 stesso
510 2757 592 2782 giorno
607 2757 620 2776 S
635 2756 656 2777 di
673 2757 767 2781 giugno,
784 2757 797 2776 il
814 2755 923 2781 Capitolo
939 2756 1043 2776 adunato
1068 2756 1104 2776 dal
1129 2757 1203 2776 sotto·

327 2802 403 2827 priore
419 2801 478 2822 trare
494 2802 574 2822 Nicola
597 2802 624 2822 (13
650 2801 729 2826 Lentis,
753 2801 774 2821 di
791 2801 825 2822 cui
842 2801 864 2821 ta
881 2803 947 2826 parte
969 2801 1043 2821 anclic
1059 2800 1129 2820 trater
1146 2800 1205 2820 Deo-

327 2846 397 2866 datus
412 2846 440 2866 de
456 2845 627 2871 Carmagnolln,
652 2851 695 2866 con
717 2847 768 2866 atto
793 2847 876 2871 rogatu
892 2845 920 2866 (13
937 2845 1053 2866 Vinceuzn
1069 2844 1158 2869 Sacclii,
1175 2844 1203 2864 da

327 2891 465 2911 investitura
491 2892 614 2916 perpetua,
638 2890 674 2916 pel
699 2895 788 2911 canone
804 2890 825 2910 di
842 2890 910 2910 annui
927 2889 986 2910 soldi
1005 2889 1035 2914 16,
1051 2889 1073 2909 di
1090 2894 1134 2909 una
1150 2894 1203 2910 casa

328 2935 386 2956 nella
402 2935 514 2956 contrada
531 2935 552 2955 di
570 2934 711 2960 Borgonovo
727 2935 748 2955 in
764 2934 885 2955 Garlasco.

381 2980 406 3000 Αἱ
423 2980 447 3000 27
462 2981 555 3005 agosto,
571 2980 592 2999 in
609 2979 795 3000 un'investitura
811 2979 833 2999 di
850 2981 910 2999 terre
935 2979 970 2999 del
995 2980 1111 2999 convento
1127 2979 1148 2998 in
1164 2978 1205 2999 Ca-

329 3025 416 3048 sorate,
432 3025 512 3049 rogata
528 3023 557 3044 da
573 3023 630 3044 Gran
647 3023 790 3044 Bcrnnrdino
805 3023 865 3044 della
882 3022 947 3048 Ripa,
963 3023 976 3043 il
992 3022 1101 3048 Capitolo
1117 3022 1128 3043 ’e
1144 3027 1205 3043 coni-

1257 2534 1327 2558 posto
1343 2532 1378 2552 dcl
1397 2532 1474 2552 Priore
1491 2533 1594 2552 niaestro
1608 2530 1667 2551 tratc
1683 2530 1740 2551 Gian
1757 2530 1870 2554 Agostiuo
1886 2529 1914 2549 da
1931 2528 2007 2553 siena,
2023 2533 2035 2548 e
2051 2527 2086 2548 dei
2103 2533 2136 2548 re-

1257 2577 1331 2601 ligiosi
1349 2577 1459 2602 magister
1475 2575 1545 2596 trater
1563 2575 1645 2596 Petrus
1661 2574 1778 2599 Canellus,
1795 2574 1905 2599 magister
1921 2573 1992 2594 trater
2008 2572 2135 2598 Gregorius

1255 2621 1283 2641 de
1299 2621 1471 2647 Carmagnolla,
1487 2620 1599 2645 magister
1615 2619 1686 2640 irater
1702 2619 1813 2640 lullianus
1828 2618 1856 2639 dc
1872 2617 1943 2639 Collis
1959 2622 2050 2643 regens,
2065 2616 2136 2637 trater

1259 2666 1402 2686 Fortunatus
1417 2665 1445 2686 de
1461 2664 1560 2689 Cerano,
1577 2664 1648 2685 trater
1664 2663 1828 2684 Bartolouicus
1851 2663 1964 2688 hispanus
1985 2662 2059 2682 lector
2074 2664 2137 2682 lcon-

1258 2711 1364 2735 collator,
1380 2709 1451 2730 trater
1468 2709 1616 2734 Evangelista
1632 2708 1660 2729 de
1677 2707 1865 2728 Pennabilloruin
1881 2707 1962 2728 lector.
1985 2705 2057 2726 trater
2071 2704 2138 2726 Sera-

1259 2755 1343 2780 pliinus
1359 2755 1387 2775 de
1402 2756 1484 2775 sancto
1500 2753 1588 2780 Angelo
1604 2752 1723 2777 subprior,
1739 2751 1811 2772 trater
1827 2751 1906 2772 Nicola
1922 2751 1950 2771 de
1967 2751 2046 2774 Lenta,
2066 2749 2137 2770 trater

1261 2799 1360 2820 lacobus
1375 2799 1403 2819 dc
1418 2800 1501 2819 sancto
1517 2797 1617 2818 Nazario
1633 2796 1746 2821 sindicus,
1771 2795 1843 2816 trater
1868 2795 2007 2816 Laurentius
2022 2794 2050 2815 de
2066 2794 2138 2820 Papia

1259 2844 1417 2868 (cancellato),
1433 2842 1504 2863 trater
1521 2842 1625 2868 Filippus
1634 2841 1661 2862 dc
1671 2840 1814 2863 Mediolano.
1831 2839 1902 2860 irater
1918 2839 2022 2860 Robinus
2033 2839 2061 2860 de
2072 2839 2137 2860 Mon-

1261 2887 1371 2908 tclortino
1386 2887 1545 2910 (cancellato.
1570 2885 1641 2906 irater
1666 2885 1803 2906 Franciscus
1819 2885 1846 2906 de
1862 2884 1912 2909 Ast,
1928 2883 1999 2904 trater
2014 2883 2138 2904 Cornelius

1260 2932 1288 2952 dc
1305 2931 1423 2953 Placentia
1438 2931 1598 2955 (cancellato).
1614 2929 1686 2950 irater
1697 2929 1845 2955 Augustinus
1855 2929 1883 2950 de
1895 2928 1967 2954 Papia
1978 2928 2138 2951 scoriccllato).

1261 2976 1332 2997 trater
1347 2975 1476 2997 Alexander
1501 2975 1528 2996 de
1554 2974 1627 2999 Colla,
1653 2977 1675 2995 et
1698 2974 1768 2995 trater
1794 2973 1916 2995 Deodatus
1931 2973 1959 2994 de
1975 2971 2138 2998 Carmagnolla

1260 3022 1419 3045 icaricellato).
