2305 3407
268 151 332 182 308

1139 332 1215 371 M.

356 443 383 471 11
409 443 529 471 Priore
563 442 735 471 Gener-ale
761 443 850 470 frate
880 442 1077 470 Cristoforo
1110 442 1154 470 da
1180 441 1324 469 Padova
1350 440 1503 469 concede
1530 449 1549 468 a
1575 440 1664 468 frate
1697 440 1857 468 Lorenzo
1888 439 2086 468 Brambilla

268 506 301 534 la
328 506 457 534 facolta
484 506 519 534 di
545 505 706 541 disporre
732 506 766 533 di
793 506 909 533 alcuni
936 505 1014 533 suoi
1040 505 1131 535 beni,

892 627 1054 656 1364,
1084 626 1348 657 ιὶιοεείυ,
1381 626 1478 650 2(ὶ.

830 742 905 762 *Arcu
924 742 1003 762 Notnr.
1021 742 1042 761 ili
1060 741 1129 761 l‘nvia
1147 751 1169 754 -
1186 741 1233 761 Atti
1250 741 1271 761 di
1289 740 1380 761 Manno
1396 739 1522 761 Cellanovn
1537 757 1540 761 .

519 918 565 944 Os
591 913 703 944 Frater
735 911 970 944 Cltristotorus
1005 911 1190 943 Patavinus
1215 910 1356 943 Ordinis
1389 912 1608 944 Eremitarum
1639 913 1749 944 sancti
1784 911 1964 952 Augustini
1999 911 2094 943 Prior

338 903 459 1019 N
541 976 719 1009 Generalis
746 976 917 1016 indignus.

488 1076 493 1077 ⁷
630 1038 714 1071 Cum
741 1039 827 1070 alias
853 1047 911 1079 per
937 1038 1102 1078 quasdam
1130 1040 1263 1069 nostras
1289 1038 1509 1078 particulares
1534 1039 1661 1070 litteras
1690 1038 1875 1070 venerabili
1895 1037 1999 1069 Piiori
2027 1047 2096 1069 ma-

270 1106 375 1145 gistro
403 1103 557 1135 Andreae
584 1103 624 1134 de
653 1102 768 1133 Monte
794 1100 960 1133 Causario
986 1101 1142 1137 directas,
1169 1100 1282 1131 donno
1309 1099 1487 1131 Laurentio
1514 1101 1680 1141 papiensi,
1706 1100 1791 1132 alias
1817 1099 1957 1132 Ordinis
1990 1100 2093 1132 nostri

271 1167 438 1208 professo.
463 1165 778 1197 confirmaverimus
804 1166 838 1195 ut
871 1165 990 1204 posset
1022 1163 1210 1203 relinquere
1241 1160 1360 1203 (prout
1393 1171 1411 1194 a
1443 1161 1603 1203 Capitulo
1636 1165 1825 1195 conventus
1858 1163 1962 1195 nostri
1989 1163 2094 1195 sancti

271 1230 451 1271 Augustini
486 1228 526 1260 de
565 1227 670 1267 Papia
708 1227 771 1259 sibi
810 1234 1011 1258 concessum
1050 1227 1082 1257 et
1113 1225 1300 1256 admissum
1335 1223 1457 1264 fuerat)
1491 1227 1635 1266 quatuor
1674 1225 1726 1257 vel
1763 1226 1914 1266 quinque
1950 1226 2097 1266 aquisita

270 1293 439 1333 explicata
466 1292 497 1322 in
524 1291 745 1321 instrumento
771 1288 924 1320 confecto
951 1297 1008 1328 per
1023 1286 1062 1318 D.
1082 1287 1149 1318 1011.
1176 1286 1350 1318 Matheum
1377 1285 1505 1319 Cellam
1524 1287 1656 1319 Novam
1683 1289 1849 1319 notarium
1865 1288 2097 1328 papiensem...

271 1355 378 1396 pretio
407 1356 438 1385 et
465 1353 579 1384 valore
605 1352 927 1392 quadringentarum
954 1350 1134 1381 duodecim
1163 1349 1321 1381 librarum
1349 1350 1585 1390 imperialium,
1605 1352 1782 1390 propterea
1801 1359 1859 1390 per
1885 1350 1946 1382 has
1965 1352 2099 1382 nostras

270 1419 468 1459 praesentes
494 1417 649 1456 patentes
675 1415 783 1446 eidem
817 1414 932 1445 donno
958 1413 1155 1444 confirmare
1189 1412 1276 1443 dicta
1301 1413 1449 1452 aquisita
1476 1412 1575 1444 nobis
1609 1413 1719 1444 visum
1745 1415 1806 1450 est,
1833 1414 1868 1444 ut
1899 1413 2100 1453 cuicumque

270 1480 333 1512 sibi
369 1479 502 1510 libuerit
536 1478 725 1517 relinquere
751 1479 782 1508 et
815 1476 918 1507 libere
945 1475 1071 1506 donare
1105 1475 1225 1514 possit.
1253 1474 1484 1506 Praesentium
1519 1476 1632 1516 itaque
1662 1477 1776 1506 tenore
1802 1477 1833 1506 et
1859 1475 1963 1507 nostri
1996 1475 2099 1507 offleii

270 1542 480 1579 auctoritate,
505 1541 594 1571 dicta
627 1540 775 1580 aquisita
809 1538 982 1579 praedicto
1016 1537 1130 1569 donno
1169 1537 1348 1569 Lautentio
1386 1538 1542 1578 papiensi
1569 1538 1808 1569 confirmamus
1841 1540 1872 1569 et
1903 1537 2100 1569 confirmata

273 1605 480 1636 ratificamus
507 1604 537 1634 in
564 1602 709 1634 Nomine
736 1600 845 1633 Patris
870 1603 901 1632 et
928 1601 1000 1632 Filii
1027 1604 1058 1633 et
1083 1600 1230 1642 Spiritus
1249 1599 1374 1638 Sancti,
1393 1609 1501 1632 amen.
1528 1600 1598 1632 Hac
1624 1602 1735 1632 tamen
1755 1600 1827 1640 lege
1853 1600 1945 1640 quod
1970 1602 2101 1632 caetera

272 1667 337 1699 alia
364 1675 424 1698 sua
452 1666 540 1697 bona
567 1667 633 1696 tam
659 1664 794 1696 stabilia
821 1672 921 1704 quam
942 1663 1091 1701 mobilia,
1111 1666 1189 1704 post
1214 1663 1265 1695 sui
1292 1663 1421 1694 obitum
1440 1663 1623 1694 conventui
1650 1664 1767 1694 nostro
1793 1662 1897 1693 sancti
1918 1661 2100 1703 Augustini

273 1731 466 1762 remaneant
491 1730 521 1759 et
547 1728 588 1759 ad
609 1727 702 1758 i'lum
729 1727 832 1758 libere
857 1729 888 1758 et
913 1727 1044 1766 absque
1071 1726 1138 1758 ulla
1163 1725 1393 1758 controversia
1420 1725 1655 1756 devolvantur.
1682 1723 1805 1755 Datum
1833 1723 2030 1762 Mediolani,
2046 1724 2099 1755 die

272 1791 375 1824 XXVI
403 1792 491 1829 miii,
521 1791 614 1827 1554,
641 1790 745 1822 nostri
772 1789 874 1820 officii
902 1789 967 1820 sub
993 1789 1116 1829 sigi110.
1144 1788 1256 1820 Frater
1282 1786 1517 1820 Christoforus
1543 1785 1721 1819 Generalis
1747 1786 1908 1827 indignus
1931 1784 1994 1826 (1).

1134 1989 1238 2028 MI.

365 2100 391 2128 11
417 2099 579 2135 Capitolo
606 2099 640 2127 di
666 2099 700 2130 S,
719 2099 892 2135 Agostino
911 2099 955 2127 da
981 2099 1015 2126 in
1040 2099 1152 2127 affitto
1178 2097 1294 2126 alcuni
1319 2098 1398 2126 beni
1424 2097 1458 2126 in
1484 2098 1516 2129 S.
1537 2097 1705 2132 Giuletta‚
1725 2097 1780 2133 gia
1799 2097 1833 2126 di
1859 2098 1894 2127 S.
1914 2097 2097 2126 Mostiola.

925 2221 1064 2246 1364
1075 2237 1088 2253 9
1121 2223 1344 2247 ott‹)l)1·e
1355 2236 1368 2253 9
1401 2222 1459 2247 7.

835 2328 912 2350 (Archi
930 2328 1010 2349 Notar.
1027 2328 1049 2349 di
1067 2328 1136 2349 Pavia
1153 2340 1177 2343 —
1192 2328 1240 2350 Atti
1256 2328 1278 2349 di
1294 2328 1418 2350 Gunitorto
1434 2328 1508 2349 Scotti
1527 2345 1530 2349 .

518 2480 569 2530 γΙΞιΑ
601 2501 759 2530 convento
784 2498 818 2530 di
850 2497 883 2531 S.
909 2498 1081 2539 Agostitzo,
1107 2499 1254 2530 adunato
1279 2499 1303 2530 il
1336 2498 1498 2540 Capitolo,
1529 2499 1570 2530 de
1604 2498 1763 2530 mandato
1796 2498 1971 2530 reverendi
2004 2507 2099 2530 sacre

349 2485 470 2601 N
518 2542 519 2577 5
547 2561 715 2601 theologie
742 2561 891 2602 magistri
910 2561 1036 2592 domini
1055 2561 1167 2593 fratris
1193 2560 1338 2593 Deodati
1357 2562 1398 2593 de
1417 2561 1447 2593 la
1473 2560 1598 2602 Spedia
1617 2560 1722 2599 Prior,
1739 2561 1772 2592 in
1796 2562 1850 2593 c111'
1872 2570 1971 2593 erano
1996 2561 2100 2594 anche

429 2586 520 2660 —J
547 2624 705 2665 magister
719 2624 878 2655 dominus
894 2623 994 2655 frater
1009 2623 1211 2655 Fortunatus
1229 2624 1270 2655 de
1285 2622 1472 2662 CeredanO,
1488 2624 1647 2663 magister
1663 2624 1822 2655 dominus
1839 2624 1938 2655 frater
1953 2623 2098 2656 Michael

279 2686 460 2727 perusinus
491 2695 622 2726 regens,
649 2687 807 2727 magister
839 2686 997 2718 dominus
1030 2686 1130 2718 trater
1156 2686 1320 2718 lohannes
1353 2687 1394 2718 de
1427 2686 1544 2727 Papia,
1569 2686 1728 2718 dominus
1759 2686 1859 2717 frater
1888 2686 2100 2728 Augustinus

334 2844 352 2863 ll
384 2841 474 2867 Questo
495 2842 637 2864 documento
659 2843 746 2864 travasi
763 2843 828 2864 unito
843 2843 864 2863 al
885 2844 1035 2869 testamento,
1051 2844 1134 2869 rogato
1150 2843 1162 2864 il
1219 2843 1240 2863 di
1257 2845 1344 2864 testare
1359 2843 1397 2864 dal
1412 2842 1508 2865 Revmo
1526 2842 1600 2864 Padre
1616 2842 1728 2864 Generale
1743 2843 1803 2869 degli
1820 2843 1944 2864 Eremitani
1960 2843 1981 2864 di
1997 2843 2020 2865 S.
2036 2843 2096 2870 Ago-

281 2888 293 2908 4
308 2887 380 2913 aprile
398 2887 448 2909 1565
469 2887 498 2907 da
514 2887 606 2908 Matreu
628 2886 762 2913 Cellanova‚
778 2892 821 2908 con
837 2888 872 2908 cui
888 2888 1030 2909 reverendus
1052 2888 1162 2909 dominus
1216 2888 1392 2913 stino‚dispose
1407 2887 1471 2913 quod
1486 2887 1587 2908 cadaver
1596 2892 1665 2908 suum
1676 2887 1768 2913 sepeliri
1780 2887 1865 2908 debeat
1881 2888 1902 2908 in
1913 2888 2011 2909 ecclesia
2021 2888 2095 2909 sancti

284 2932 399 2957 presbiter
424 2932 561 2953 Laurentius
586 2932 614 2953 cle
637 2931 773 2956 Brambina.
796 2932 854 2953 alias
878 2932 949 2953 trater
973 2932 1067 2953 Ordinis
1088 2933 1163 2953 sancti
1219 2932 1341 2958 Augustini
1362 2932 1442 2958 Papio,
1457 2932 1486 2953 cd
1501 2932 1617 2953 istituisce
1632 2937 1676 2953 suo
1691 2932 1760 2954 erede
1776 2933 1907 2954 universale
1926 2932 1984 2954 Gian
2004 2933 2096 2954 Matteo

284 2976 406 3003 Augustini
418 2977 596 3002 Heremitarum,
607 2977 726 2998 habitator
741 2976 812 3003 papie
823 2977 845 2998 in
861 2976 973 2998 Parocliia
988 2978 1062 2999 sancti
1073 2977 1164 2999 Andree
1220 2977 1248 2998 de
1264 2976 1395 2997 Toredano.

283 3021 306 3042 in
321 3020 455 3047 Cittadella,
471 3027 542 3042 sanus
562 3023 639 3042 mente
654 3023 676 3043 et
692 3022 820 3047 intellectu,
835 3022 864 3043 ed
884 3022 975 3044 avendo
990 3023 1063 3043 avuto
1078 3022 1167 3044 ticenza
