2305 3407
1925 193 1967 225 65

243 330 458 364 Reverendus
485 329 643 370 magister
677 328 854 360 lacobinus
881 329 920 360 de
947 328 1105 359 Terdona

242 392 459 426 Reverendus
486 392 644 431 magister
670 391 836 422 lohannes
864 390 1096 422 Bertolanieus
1123 389 1162 420 de
1190 388 1372 420 Valmaclia

243 453 460 487 Reverendus
487 453 645 494 magister
671 452 847 484 Dionisius
874 453 914 484 de
941 452 1138 483 Mediolano

243 515 460 549 Reverendus
487 515 645 556 magister
670 515 838 546 Antonius
864 515 904 546 de
932 514 1128 545 Mediolano

242 577 459 610 Reverendus
485 578 643 617 magister
670 577 830 608 Marclius
856 577 896 608 de
924 577 1084 608 Vercellis

242 639 457 673 Reverendus
483 640 642 680 magister
668 639 833 671 lohannes
860 639 1093 670 Bertolameus
1119 639 1159 669 de
1186 636 1373 670 Castelatio

242 701 458 735 Reverendus
485 702 643 743 magister
669 701 816 742 Rapbael
844 702 884 732 de
910 700 1149 742 Carinagnolia

241 763 458 797 Reverendus
485 765 644 804 magister
669 763 828 795 Zacharia
856 765 896 795 de
924 764 1119 795 Mediolano

242 825 461 859 Reverendus
488 827 646 866 magister
673 825 790 857 Petrus
818 827 858 857 de
886 825 990 866 Papia

242 888 459 921 Reverendus
485 889 643 929 magister
670 888 864 920 Leonardus
891 889 931 920 de
957 887 1082 929 Spedia

242 950 460 984 Reverendus
487 951 645 991 magister
671 949 857 991 Gregorius
884 951 924 982 de
953 950 1113 982 Vercellis

242 1012 460 1046 Reverendus
487 1013 645 1054 magister
671 1013 855 1044 leronimus
881 1013 921 1044 de
948 1013 1047 1044 Lente

243 1074 461 1108 Reverendus
487 1076 646 1116 magister
672 1075 965 1116 Micliaelangelus
991 1075 1032 1106 de
1058 1074 1164 1115 Papia

243 1137 460 1170 Reverendus
487 1138 647 1178 magister
672 1136 866 1169 Guliermus
893 1137 933 1168 de
960 1137 1120 1168 Vercellis

242 1199 461 1233 Reverendus
487 1200 587 1231 frater
613 1199 732 1231 Petrus
759 1200 799 1231 de
825 1198 962 1231 Cauelis
990 1200 1204 1231 bachalarius

243 1262 461 1296 Reverendus
488 1262 587 1294 trater
613 1262 771 1294 Albertus
796 1263 837 1294 de
865 1262 1062 1293 Mediolano
1089 1262 1303 1294 bachalarius

243 1325 461 1358 Reverendus
487 1325 586 1356 frater
612 1325 743 1356 Vitallis
770 1325 810 1355 de
837 1324 1010 1362 Anchona,
1038 1325 1139 1356 lector

244 1387 455 1419 Venerabilis
482 1386 575 1418 Prior
601 1386 799 1419 Conventus
827 1387 938 1418 Laude
964 1387 1064 1418 frater
1090 1387 1307 1427 Evangelista

244 1450 456 1482 Venerabilis
481 1449 582 1481 frater
607 1449 770 1481 Nicolaus
796 1450 837 1481 de
863 1447 990 1489 Spedia
1017 1448 1112 1480 Prior
1136 1451 1325 1480 conventus
1351 1448 1524 1480 Modoetie

244 1511 458 1543 Venerabilis
484 1511 584 1543 frater
610 1511 770 1543 Matlieus
796 1510 890 1542 Prior
915 1514 1102 1542 conventus
1130 1510 1299 1542 Placentie

243 1574 453 1605 Venerabilis
480 1573 574 1605 Prior
599 1576 787 1605 conventus
813 1572 986 1605 Castelatii
1013 1573 1114 1605 frater
1138 1571 1354 1613 (illeggibile)
1380 1573 1420 1604 de
1447 1572 1633 1605 Castelatio

244 1636 456 1668 Venerabilis
482 1635 577 1667 Prior
602 1635 767 1669 Coconati
796 1636 895 1667 frater
920 1635 1133 1677 Augustinus
1159 1636 1200 1667 de
1226 1634 1427 1668 Coclionato

241 1699 452 1731 Venerabilis
479 1698 573 1730 Prior
598 1700 712 1730 sancte
739 1698 873 1739 Brigide
901 1697 1060 1730 Pinarolii
1087 1699 1186 1730 frater
1211 1697 1397 1730 Obertinus

245 1761 457 1793 Venerabilis
484 1760 578 1792 Prior
603 1759 802 1793 Conventus
829 1762 935 1792 sancti
962 1760 1080 1802 Angeli
1107 1760 1208 1792 frater
1233 1759 1419 1801 Gregorius
1445 1761 1486 1792 de
1514 1760 1618 1801 Papia

242 1823 455 1855 Venerabilis
481 1823 575 1854 Prior
600 1822 801 1856 Conventus
827 1823 947 1864 Vigoni
973 1823 1075 1855 frater
1100 1823 1287 1855 Emilianus

244 1884 458 1918 Venerabilis
484 1885 579 1917 Prior
604 1884 804 1918 Conventus
829 1884 1016 1918 Castelioni
1043 1886 1144 1918 frater
1168 1885 1382 1927 Augustinus
1408 1886 1449 1917 de
1476 1885 1674 1917 Mediolano

290 1947 433 1980 Discreti
460 1949 732 1989 supradictorum
758 1950 1007 1980 conventuum:

244 2009 445 2042 Conventus
471 2010 575 2051 Papie
601 2011 701 2042 frater
727 2011 924 2043 Bonifacius
949 2011 990 2042 de
1016 2010 1122 2052 Papia

247 2071 447 2104 Conventus
473 2073 659 2104 Mediolani
686 2073 787 2105 frater
812 2072 993 2105 Cornelius
1018 2074 1059 2105 de
1086 2074 1283 2105 Mediolano

246 2133 446 2166 Conventus
472 2135 571 2167 lanue
596 2135 697 2167 frater
722 2135 934 2176 Augustinus
960 2136 1001 2167 de
1027 2135 1127 2168 Ianua

246 2195 445 2229 Conventus
472 2196 532 2228 Ast
558 2197 657 2228 trater
686 2196 872 2238 Gregorius
898 2198 939 2229 de
965 2196 1014 2236 (ln
1040 2196 1176 2237 blanco)

246 2257 446 2291 Conventus
472 2259 700 2291 Vercellarum
727 2259 827 2291 frater
852 2260 1065 2292 Humilianus
1091 2261 1132 2292 de
1158 2260 1322 2292 Vercellis

248 2319 448 2353 Conventus
474 2323 589 2352 sancte
615 2321 791 2353 Mustiolle
816 2321 917 2353 trater
941 2321 1151 2354 Octavianus
1177 2322 1218 2354 de
1244 2321 1396 2354 Palestro

248 2380 448 2414 Conventus
474 2383 621 2414 Novarie
646 2383 748 2415 frater
774 2383 940 2416 lohannes
967 2384 1007 2416 de
1033 2384 1182 2416 Novaria

248 2443 448 2477 Conventus
474 2445 662 2477 Laudensis
688 2445 787 2477 frater
813 2444 1024 2487 Augustinus
1050 2446 1090 2478 de
1117 2446 1229 2478 Laude

249 2505 448 2539 Conventus
476 2506 645 2539 Placentie
671 2507 771 2539 trater
796 2508 958 2540 Marchus
984 2508 1024 2539 de
1051 2507 1221 2540 Placentia

248 2567 448 2602 Conventus
474 2569 630 2601 Terdone
656 2570 756 2601 trater
780 2568 1003 2602 Sebastianus
1030 2570 1070 2602 de
1097 2570 1255 2602 Terdona

248 2630 448 2663 Conventus
474 2630 660 2664 Castellatii
687 2632 789 2664 trater
815 2632 1050 2664 Bertolameus
1076 2633 1116 2665 de
1144 2632 1331 2665 Castelatio

248 2692 447 2726 Conventus
473 2694 655 2726 Belinzone
680 2694 779 2726 frater
804 2695 988 2727 Ieronimus
1014 2695 1054 2726 de
1082 2695 1187 2736 Papia

248 2754 448 2788 Conventus
473 2755 659 2789 Castelioni
687 2757 787 2788 trater
813 2757 978 2789 lohannes
1005 2757 1146 2789 lacobus
1173 2758 1213 2789 de
1240 2757 1421 2789 Belinzona

250 2817 451 2851 Conventus
477 2822 591 2851 sancte
617 2819 753 2861 Brigide
779 2819 879 2852 frater
905 2819 1058 2851 Boninus
1083 2820 1123 2851 de
1151 2819 1309 2851 Pinarolo

250 2879 448 2913 Conventus
474 2881 595 2923 Vigoni
621 2882 721 2914 trater
746 2881 912 2914 Antonius
937 2883 978 2914 de
1005 2882 1166 2913 Lomatio.

251 2995 378 3028 Omnes
402 2996 521 3029 fratres
546 2998 623 3029 dicti
650 2997 788 3030 Ordinis
813 3000 845 3030 et
870 2998 911 3030 de
937 2999 1001 3029 iam
1027 2998 1116 3029 dicta
1143 2996 1322 3030 Provincia
1359 2998 1571 3035 Lombardie‚
1598 2997 1762 3029 facientes
1799 2999 1830 3029 et
1866 3006 1976 3037 repre-

164 3060 336 3090 sentantes
360 3061 391 3090 et
417 3060 472 3099 qui
499 3062 587 3098 sunt,
613 3059 738 3092 faciunt
764 3062 795 3092 et
821 3062 1053 3100 representant
1079 3062 1183 3091 totum
1210 3062 1241 3091 et
1267 3060 1432 3101 integrum
1458 3058 1653 3100 Capitulum
1681 3058 1886 3091 Provintiale
1912 3060 1974 3090 iam

1958 3127 1971 3148 ί)
