2305 3407
1977 112 2042 146 247

228 238 449 270 munitatibus
474 240 505 270 et
529 240 817 280 exemptionibus,
843 249 881 272 ac
907 240 935 272 si
962 249 1020 280 per
1045 240 1245 281 prelibatum
1272 239 1534 273 Serenissimum
1562 241 1798 283 Imperatorem
1818 244 1869 275 vel
1889 243 2043 285 Collegia

228 300 365 342 sublica
390 299 585 333 Studiorum
611 310 902 342 quorumcumque
938 302 1216 343 approbatorum,
1253 311 1468 343 quacumque
1508 305 1710 336 auctoritate
1736 305 1884 346 publica,
1910 309 2042 338 creatus

226 371 267 395 ac
293 362 475 404 insignitus
498 363 631 401 luisset,
657 372 733 394 cum
760 363 980 404 derogatione
1006 364 1156 395 omnium
1182 366 1214 395 et
1239 364 1449 405 singulorum
1477 366 1742 407 privilegiorum,
1759 369 2044 400 consuetudinum

228 426 260 456 et
285 424 537 456 ordinationum
563 424 725 456 factarum
764 424 815 456 vel
853 424 1085 456 faciendarum
1112 424 1343 466 Collegiorum
1370 429 1401 458 et
1428 426 1610 458 Doctorum
1649 437 1941 469 quorumcumque
1967 431 2048 461 civi-

228 488 344 524 tatum,
370 486 397 518 si
424 488 456 517 et
480 494 562 518 casu
588 494 656 526 quo
682 486 857 518 obstarent
883 486 975 526 quod
1003 487 1034 518 in
1060 495 1175 518 eorum
1201 487 1356 527 collegiis,
1384 489 1461 529 quis
1487 498 1552 521 non
1578 490 1811 522 admitteretur
1848 491 1911 522 nisi
1949 491 2048 523 tuerit

227 557 313 589 appr
324 548 439 579 matus
464 556 523 589 per
548 546 701 589 Collegia
726 548 908 586 antedicta,
934 549 1189 589 servaveritque
1214 550 1481 583 consuetudines
1505 552 1537 583 et
1562 560 1677 583 eorum
1704 554 1839 590 statuta,
1877 555 1975 593 prout
2001 553 2044 584 ita

228 619 271 642 ex
298 610 413 650 imperi
430 610 460 641 ili
487 610 684 641 auctoritate
709 611 740 641 et
765 612 853 641 certa
879 611 1021 642 scientia
1048 611 1110 642 hoc
1135 619 1215 642 casu
1243 612 1484 652 derogavimus
1510 614 1541 644 et
1567 614 1783 655 derogamus.
1802 612 1958 646 Ceterum
1978 623 2052 655 pre-

229 671 300 703 fato
327 672 464 703 domino
490 671 580 703 fratri
608 671 760 713 Eugenio
787 681 845 713 per
871 672 1036 713 prefatum
1063 673 1237 704 dominum
1264 673 1396 705 fratrem
1425 674 1655 707 Hieronimum
1693 675 1828 708 fuerunt
1854 676 1976 708 collata
2003 677 2052 707 in-

230 734 340 774 signia
367 733 564 772 doctoralia,
590 733 748 765 videlicet
774 734 856 765 liber
881 733 1020 766 clau-us
1046 744 1125 766 mox
1152 737 1183 767 et
1208 738 1357 776 apertus,
1398 738 1545 770 annulus,
1573 747 1697 770 aureus
1722 738 1829 779 digito
1855 747 1917 770 suo
1946 739 2054 779 impo-

229 795 327 833 situs,
352 794 507 826 osculum
527 795 621 835 pacis
639 804 723 836 gene
742 804 801 827 sue
820 796 1036 836 impressu'n,
1063 797 1205 828 biretum
1228 799 1427 839 'magistrale
1453 799 1632 831 rotondum
1652 800 1753 841 capiti
1773 809 1836 831 suo
1854 800 2051 841 impositum

229 860 262 889 et
286 857 478 889 benedictio
503 859 653 898 paterna,
680 858 731 889 hic
757 858 890 898 singula
916 859 979 890 sibi
1008 859 1160 899 impensa
1186 859 1331 898 fuerunt,
1357 861 1502 893 servatis
1529 862 1560 892 in
1587 862 1773 902 premissis
1798 862 1919 894 ritibus
1944 865 1974 893 et
2000 871 2054 893 so-

231 919 461 952 lemnitatibus
486 921 689 960 opportunis
715 922 745 951 et
770 921 953 952 consuetis.
980 920 1045 958 Qui
1072 921 1208 961 quidem
1236 922 1395 954 dominus
1432 922 1532 955 frater
1569 924 1752 965 Eugenius,
1790 925 1897 956 loctor
1921 926 2053 956 creatus

230 984 263 1014 et
288 982 459 1014 laureatus
485 984 518 1013 ut
544 967 658 1023 supr-a,
697 983 820 1014 multas
856 992 943 1023 quas
981 984 1089 1024 potuit
1129 984 1256 1024 gratias
1281 985 1349 1025 egit
1374 987 1406 1016 et
1431 986 1500 1026 agit
1525 994 1603 1027 erga
1630 986 1796 1026 prefatum
1827 987 2050 1018 reveren‘lum

230 1044 405 1076 dominum
431 1044 565 1076 fratrem
593 1044 824 1076 Hieroniirum
851 1045 891 1076 de
918 1046 1070 1085 predicto
1097 1054 1232 1077 munere
1257 1047 1321 1078 sibi
1348 1047 1483 1085 collato,
1510 1048 1700 1088 iuravitque
1718 1050 1749 1079 et
1769 1048 1864 1086 iurat,
1891 1048 2052 1088 ponendo

232 1116 367 1138 manum
395 1107 531 1147 pectori,
573 1116 663 1138 more
701 1107 943 1145 ecclesiastico,
969 1108 1011 1139 ad
1038 1106 1160 1140 Sancti.
1188 1107 1249 1139 Dei
1277 1108 1474 1149 Evangelia,
1515 1110 1609 1141 ,tiam
1637 1110 1677 1141 de
1704 1111 1799 1142 iussu
1834 1112 1865 1141 et
1891 1110 2051 1141 mandato

233 1168 349 1209 prefati
377 1169 502 1200 domini
529 1169 634 1209 patris
661 1168 846 1200 Hteronimi
874 1170 1080 1201 instituentis
1105 1178 1142 1200 ac
1168 1170 1267 1201 etiam
1294 1170 1451 1202 manibus
1477 1172 1549 1202 suis
1575 1171 1794 1212 corporaliter
1818 1172 1917 1203 tactis
1943 1170 2056 1211 Scrip-

232 1232 326 1270 tuiis,
353 1232 384 1263 in
412 1231 569 1263 manibus
595 1231 714 1272 prefati
741 1232 915 1263 reverendi
941 1232 1068 1263 domini
1095 1231 1207 1263 fratris
1234 1231 1429 1270 Hieronimi,
1456 1233 1566 1273 ipsum
1594 1234 1815 1265 iuramentum
1851 1233 2054 1270 defferentis,

232 1294 324 1334 quod
366 1294 538 1334 perpetuis
578 1294 792 1334 temporibus
828 1295 889 1325 erit
929 1294 1092 1325 moderno
1133 1293 1287 1325 Pontifici
1331 1294 1494 1333 Romano,
1535 1295 1760 1327 invictissimo
1786 1294 1904 1328 Cesari
1931 1294 2055 1328 Carolo

232 1355 360 1394 Quinto
387 1365 521 1396 semper
547 1355 713 1397 Augusto,
739 1354 859 1388 Sancte
887 1356 1035 1389 Romane
1062 1356 1210 1388 Ecclesie
1248 1359 1501 1397 memoratoque
1539 1356 1641 1389 Sacro
1668 1358 1811 1398 Imperio
1837 1360 1867 1389 et
1893 1357 2053 1389 omnibus

231 1427 346 1450 eorum
373 1418 644 1455 successoribus,
672 1419 702 1449 in
729 1419 778 1449 eis
805 1418 953 1459 legitime
980 1419 1195 1457 intrantibus,
1232 1422 1333 1459 atque
1370 1420 1469 1450 etiam
1511 1420 1619 1451 eidem
1646 1420 1784 1451 domino
1811 1420 1997 1451 instituenti
2024 1422 2055 1450 et

233 1481 308 1512 aliis
335 1481 578 1521 prenominatis
605 1480 861 1513 instituentibus
885 1482 917 1512 ct
944 1481 1240 1519 substituentibus,
1267 1482 1467 1521 respective,
1487 1482 1814 1522 successoribusque
1834 1482 1916 1519 suis,
1933 1481 2055 1518 fidelis,

233 1552 293 1574 nec
319 1551 468 1582 unquam
494 1543 555 1574 erit
581 1543 612 1573 in
638 1542 784 1574 concilio
810 1543 865 1574 ubi
893 1543 1077 1583 periculum
1119 1552 1235 1574 eorum
1275 1539 1531 1581 tractetur,’sed
1558 1544 1684 1575 bonum
1711 1546 1742 1575 et
1768 1543 1910 1575 salutem
1937 1552 2052 1574 eorum

233 1605 383 1636 omnium
411 1614 470 1645 pro
497 1605 628 1636 viribus
653 1605 858 1645 procurabit,
885 1607 1086 1645 pontesque,
1113 1607 1246 1642 stratas,
1284 1605 1445 1645 pupillos,
1487 1606 1636 1646 virgines
1662 1608 1693 1637 et
1719 1606 1852 1643 viduas,
1894 1605 2057 1636 ecclesias

232 1670 262 1699 et
289 1668 343 1708 pia
369 1667 454 1705 loca,
482 1676 542 1707 pro
569 1676 630 1698 sua
657 1667 886 1707 possibilitit:
913 1668 1083 1699 deffendet
1109 1669 1139 1699 et
1165 1668 1390 1708 promovebit,
1417 1669 1594 1708 ceteraque
1620 1668 1685 1699 alia
1711 1667 1812 1699 faciet
1850 1677 1914 1708 que
1940 1667 2049 1699 facere

232 1732 385 1762 tenentur
410 1732 441 1761 et
467 1729 591 1761 debent
630 1730 730 1761 ceteri
771 1730 827 1761 tali
870 1739 1006 1761 munere
1046 1730 1204 1765 decorati,
1243 1730 1284 1761 de
1311 1730 1380 1761 iure
1408 1729 1459 1761 vel
1486 1730 1527 1761 de
1553 1731 1812 1761 consuetudine.
1854 1729 1903 1761 De
1929 1730 2055 1769 quibus

233 1793 392 1823 omnibus
418 1794 449 1823 et
475 1792 630 1833 singulis,
658 1792 705 1823 sic
732 1794 765 1823 ut
791 1792 993 1832 premittitur
1021 1793 1178 1832 peractis,
1220 1792 1458 1823 mandavimus
1495 1794 1526 1823 et
1564 1793 1760 1833 rogavimus
1802 1792 2053 1832 infrascriptum

233 1854 453 1895 spectabilem
491 1854 701 1885 causidicum
743 1854 916 1885 dominum
960 1854 1116 1885 Iacobum
1158 1853 1328 1885 Andream
1371 1853 1563 1885 Boldonum
1607 1855 1772 1886 notarium
1801 1854 1972 1894 publicum
2000 1863 2058 1894 pa-

235 1918 399 1957 piensem,
436 1916 560 1947 ibidem
588 1916 835 1956 preseritialit;r
860 1916 1016 1947 adhunc
1053 1916 1207 1948 effectum
1245 1918 1422 1954 astantem,
1460 1918 1493 1948 ut
1532 1916 1703 1957 publicum
1745 1917 1902 1948 conficiat
1936 1917 2056 1947 instru-

234 1981 382 2010 mentum
409 1978 462 2009 vel
489 1979 721 2015 instrumenta,
747 1980 845 2018 prout
871 1978 914 2009 ita
940 1980 1050 2009 actum
1076 1979 1198 2010 extitit.
1225 1978 1343 2010 Actum
1371 1979 1402 2009 in
1430 1978 1558 2018 prefata
1584 1979 1719 2010 civitate
1753 1977 1870 2018 Papie,
1896 1978 2054 2009 videlicet

236 2041 268 2071 in
295 2041 442 2080 quodam
470 2040 544 2071 loco
571 2049 703 2071 camere
722 2039 840 2080 prefati
868 2041 1042 2072 reverendi
1080 2041 1207 2071 domini
1243 2040 1354 2071 fratris
1392 2040 1586 2075 Hieronimi,
1625 2041 1687 2071 site
1711 2040 1742 2070 in
1770 2039 1900 2079 prefato
1938 2048 2054 2070 mona-

235 2103 337 2134 sterio
363 2103 470 2133 sancti
497 2101 610 2139 Primi,
648 2101 747 2133 Porte
786 2102 893 2133 sancti
932 2101 1101 2140 Iohannis,
1139 2101 1302 2133 Parochie
1339 2102 1446 2133 sancti
1486 2100 1586 2133 Primi
1625 2102 1776 2141 predicti,
1803 2110 1891 2132 anno
1917 2100 2052 2132 Domini

234 2166 386 2195 currente
415 2164 508 2201 1556,
535 2163 718 2195 indiction:
745 2163 1008 2203 quartadecima,
1035 2164 1088 2194 die
1114 2166 1213 2195 sexto
1251 2164 1378 2194 mensis
1416 2163 1631 2203 septembris,
1673 2163 1754 2194 hora
1780 2163 1908 2194 decima
1934 2165 2055 2194 octava

236 2227 287 2258 vel
314 2227 412 2263 circa,
439 2226 654 2266 presentibus
680 2225 868 2257 reverendo
894 2225 1031 2256 domino
1057 2225 1155 2257 fratre
1181 2224 1340 2257 Cornelio
1366 2225 1407 2256 de
1433 2224 1614 2262 Placentia,
1648 2223 1788 2256 Ordinis
1814 2225 1920 2256 sancti
1940 2224 2056 2265 Augu—

235 2289 324 2326 stini,
352 2288 466 2320 Priore
493 2289 686 2320 monasterii
714 2290 829 2319 sancte
856 2287 1017 2319 Mustiole
1045 2287 1160 2328 Papie,
1186 2290 1259 2325 etc.‚
1285 2287 1445 2318 omnibus
1470 2286 1615 2318 testibus
1641 2287 1730 2318 notis
1754 2288 1816 2318 etc.
