2305 3407
275 182 341 214 246

271 315 361 346 dinis
387 315 641 353 Heremitaruni,
669 315 801 356 Regens
827 315 1019 347 monasterii
1046 315 1151 346 sancti
1178 314 1359 356 Augustini
1387 314 1491 356 Papie
1516 317 1548 347 et
1573 316 1663 347 omni
1691 316 1848 348 virtutum
1875 325 1995 357 genere
2021 317 2090 348 lau-

270 377 406 415 dabilis,
432 378 691 418 quamplurimis
716 378 849 409 actibus
874 377 1065 409 scolasticis
1091 386 1149 417 per
1173 386 1259 414 eum,
1286 379 1351 408 tam
1378 377 1409 408 in
1437 376 1610 409 Ticinensi
1637 377 1840 409 Accademia
1866 387 1966 418 quam
1996 378 2089 416 alibi,

270 440 427 479 peractis,
452 440 493 471 ad
520 440 715 471 doctoratus
742 448 849 480 usque
875 440 1016 480 gradum
1043 447 1176 470 cursum
1203 447 1300 470 suum
1327 439 1613 470 consummaverit
1638 441 1669 471 et
1695 440 1740 470 ob
1766 439 1798 470 id
1824 448 1860 471 se
1886 440 1985 471 nobis
2016 448 2090 480 pre-

270 503 463 540 sentaverit,
489 503 688 543 petieritque
715 506 748 533 ut
776 503 806 533 in
834 502 985 533 laborum
1011 504 1041 533 et
1068 501 1257 542 vigiliarum
1284 510 1420 532 suorum
1447 503 1477 533 et
1503 510 1638 533 suarum
1673 502 1848 542 premium,
1875 502 2090 542 dignaremur

269 572 344 594 eum
372 565 402 594 in
429 572 524 596 sacra
551 564 722 605 theologia
760 564 932 595 doctorem
970 572 1094 601 creare,
1131 563 1203 595 Nos
1240 572 1319 594 vero
1356 568 1604 604 cognoscentes
1645 564 1755 604 ipsum
1782 564 2002 595 reverendum
2028 564 2090 595 do-

269 626 394 657 minum
421 626 554 657 tratrem
582 626 781 667 Eugenium,
807 626 897 656 omni
924 625 1114 666 prudentia,
1139 626 1454 666 circumspectione,
1481 626 1658 664 modestia,
1685 626 1863 666 probitate,
1881 627 2033 658 doctrina
2059 629 2089 658 et

267 696 375 718 rerum
402 688 623 728 gerendarum
650 688 852 719 dexteritate
878 688 1030 728 preditus
1057 690 1087 718 et
1114 688 1226 719 laurea
1253 688 1392 729 dignum
1431 688 1632 725 iudicantes,
1674 688 1768 728 prius
1805 688 1878 720 visa
1904 691 1935 720 et
1960 689 2026 720 alta
2051 697 2090 720 ac

269 750 469 790 intelligibili
498 759 580 781 voce
607 750 690 781 lecta
716 749 873 781 facultate
900 752 930 781 et
956 750 1093 789 optione
1121 750 1219 781 nobis
1246 750 1414 790 impartita
1434 758 1491 790 per
1509 750 1729 781 reverendum
1764 751 1936 781 dominum
1956 749 2088 782 fratrem

269 810 482 843 Dominicum
510 812 682 852 quondam
709 812 835 842 domini
863 811 981 843 Nicole
1007 812 1048 842 de
1075 811 1240 843 Tarvixio
1277 812 1355 843 dicti
1394 811 1533 844 Ordinis
1570 810 1749 844 Servorum
1777 821 1815 844 ac
1840 813 1927 844 dicte
1954 812 2089 853 Regule,

268 873 429 915 fungente
455 883 591 905 munere
617 877 648 905 et
674 874 871 905 auctoritate
899 874 1077 914 impertitis
1102 882 1119 904 a
1146 872 1371 905 Serenissimo
1397 877 1428 905 et
1454 873 1679 906 lnvictissimo
1707 874 1875 906 Friderico
1900 875 2015 906 divina
2041 874 2091 906 fa-

268 939 365 967 vente
390 936 567 968 clementia
593 936 672 967 olim
701 935 926 968 Romanorum
954 935 1157 976 Imperatore
1184 935 1291 967 felicis
1318 936 1573 973 recordationis,
1600 945 1685 967 nunc
1713 936 1884 976 quondam
1912 936 2089 976 spectabili

266 999 404 1030 domino
431 998 614 1029 Theodoro
640 1001 670 1029 et
698 998 740 1029 lo.
769 997 948 1029 Dominico
974 998 1053 1029 tiliis
1081 998 1265 1039 legiptimis
1291 998 1417 1029 domini
1445 997 1600 1029 Damiani
1628 997 1838 1029 Theodorini
1864 998 1905 1029 de
1931 997 2090 1030 Gaiardis

265 1070 283 1092 a
310 1060 418 1098 Volta,
444 1061 523 1092 olim
549 1061 683 1092 civibus
710 1060 852 1097 venetis,
879 1062 912 1091 ut
939 1062 1029 1100 patet
1056 1060 1234 1101 privilegio
1253 1060 1331 1091 dato
1350 1060 1403 1091 die
1423 1060 1585 1100 vigesima
1604 1063 1722 1100 quarta
1742 1061 1869 1092 mensis
1895 1061 2090 1092 novembris

266 1123 343 1154 anni
375 1123 467 1160 1484,
494 1123 621 1154 tenoris
647 1123 890 1162 subsequentis
917 1122 1096 1153 videlicet:
1124 1122 1312 1154 Eridericus
1337 1124 1400 1154 etc.
1427 1124 1458 1153 et
1485 1124 1628 1162 ponatur
1654 1124 1757 1160 tenor,
1783 1124 1846 1154 etc.

357 1185 433 1216 Item
460 1188 491 1216 et
518 1187 551 1216 ut
578 1187 668 1225 patet
695 1185 918 1216 instrumento
954 1184 1146 1215 collationis
1172 1187 1203 1216 et
1230 1185 1452 1216 institutionis
1489 1185 1648 1225 plenarie,
1675 1184 1760 1216 facte
1787 1193 1846 1225 per
1871 1187 2090 1216 memoratum

269 1247 442 1278 dominum
470 1247 602 1278 tratrem
630 1246 843 1278 Dominicum
872 1247 972 1278 nobis
997 1246 1086 1278 fratri
1115 1246 1323 1284 Hieronimo,
1350 1248 1468 1287 rogato
1494 1247 1547 1278 die
1573 1247 1778 1278 duodecimo
1820 1247 1948 1278 mensis
1972 1247 2090 1287 aprilis

266 1310 343 1341 anni
370 1310 459 1341 cursi
491 1310 573 1341 1534
599 1318 658 1341 seu
684 1312 714 1340 et
741 1318 799 1349 per
824 1309 995 1350 egregium
1023 1309 1196 1340 dominum
1224 1308 1397 1340 Aluixium
1424 1309 1465 1340 de
1491 1308 1606 1340 Fantis
1632 1309 1797 1340 notarium
1835 1309 2009 1349 publicum
2036 1317 2092 1341 ve-

267 1375 378 1403 netum
405 1381 444 1403 ac
470 1381 529 1412 per
554 1372 725 1413 egregium
763 1372 937 1402 dominum
975 1370 1158 1402 Antonium
1197 1370 1357 1403 Ursinum
1383 1371 1536 1402 similiter
1562 1371 1727 1402 notarium
1755 1371 1938 1412 publicum,
1965 1371 2090 1402 tenoris

266 1435 512 1475 subsequentis
538 1434 718 1465 videlicet:
745 1432 819 1470 Qua
847 1436 982 1474 propter
1008 1436 1067 1465 etc.
1094 1436 1126 1464 et
1152 1435 1296 1473 ponatur
1321 1435 1416 1464 tenor
1433 1430 1495 1472 (l).

356 1497 394 1528 Et
420 1506 485 1537 que
511 1496 719 1537 originaliter
745 1498 775 1527 et
801 1496 832 1527 in
859 1495 966 1527 torma
992 1496 1092 1527 tidem
1134 1495 1278 1527 faciente
1317 1495 1442 1526 ibidem
1476 1498 1614 1527 ostensa
1639 1494 1773 1526 fuerunt
1800 1495 1831 1526 in
1858 1495 2027 1535 presentia
2052 1503 2090 1526 ac

268 1559 350 1590 lecta
377 1562 407 1590 et
433 1568 506 1590 cum
533 1559 714 1590 autenticis
739 1558 968 1595 collationata,
995 1558 1150 1589 volentes
1177 1558 1221 1588 uti
1247 1558 1446 1588 auctoritate
1472 1559 1503 1589 et
1530 1557 1709 1598 privilegio
1735 1565 1773 1588 ac
1799 1556 1957 1588 facultate
1991 1557 2090 1588 nobis

267 1622 438 1653 attributis
464 1630 524 1661 per
549 1620 690 1652 formam
727 1624 758 1652 et
796 1622 945 1652 tenorem
984 1621 1157 1651 memorati
1196 1620 1364 1660 privilegii
1402 1629 1440 1651 ac
1478 1622 1659 1651 memorate
1686 1619 1907 1651 institutionis
1933 1621 1964 1650 et
1989 1619 2093 1651 colla-

268 1684 370 1715 tionis
396 1692 456 1715 seu
483 1683 743 1715 subcollationis
768 1684 799 1714 et
825 1683 1117 1714 subinstitutionis
1142 1684 1173 1713 et
1198 1682 1283 1713 alias
1308 1682 1397 1712 omni
1425 1682 1505 1719 iure,
1533 1682 1627 1722 prius
1653 1682 1726 1713 visa
1759 1682 1973 1713 attestatione
1999 1683 2030 1712 et
2055 1681 2092 1712 li-

267 1746 375 1776 centia
401 1745 499 1776 tactis
526 1754 584 1785 per
609 1745 830 1776 reverendum
868 1744 1041 1775 dominum
1079 1743 1213 1775 fratrem
1251 1742 1501 1775 Christotorum
1541 1742 1741 1774 Patavinuin
1785 1744 1923 1784 predicti
1951 1742 2090 1775 Ordinis

269 1808 374 1839 sancti
402 1806 581 1847 Augustini
609 1806 757 1837 Priorem
784 1804 997 1843 Generalem,
1023 1806 1150 1837 tenoris
1175 1806 1420 1845 subsequentis
1446 1806 1624 1837 videlicet:
1651 1805 1750 1837 frater
1776 1804 2010 1838 Christoforus
2030 1804 2092 1837 Pa-

269 1870 416 1906 tavinus,
442 1872 501 1900 etc.
528 1872 558 1900 et
586 1871 729 1909 ponatur
754 1871 849 1899 tenor
867 1866 928 1907 (2),
955 1868 1326 1908 intervenientibusque
1352 1867 1476 1898 ibidem
1504 1868 1777 1908 quibuscumque
1819 1867 2093 1899 solemnitatibus

268 1934 300 1963 et
325 1931 444 1962 ritibus
472 1932 502 1962 in
530 1931 654 1962 talibus
680 1932 711 1962 et
737 1930 906 1961 similibus
945 1930 1119 1970 requisitis
1156 1932 1221 1961 tam
1259 1930 1300 1961 de
1338 1930 1407 1961 iure
1433 1939 1533 1970 quani
1568 1930 1609 1961 de
1647 1930 1905 1967 consuetudine,
1942 1932 1973 1961 et
1998 1930 2092 1970 prius

271 1994 386 2025 habito
412 1994 452 2024 de
478 1994 550 2024 viro
577 1992 706 2033 pretato
731 1992 847 2024 debito
873 1992 1118 2032 experimento,
1144 1992 1430 2032 exigentibusque
1456 1992 1555 2023 etiam
1583 1992 1656 2023 suis
1683 1991 1908 2029 benemeritis,
1928 1991 2092 2032 prefatum

271 2057 442 2087 dominum
469 2055 602 2087 tratrem
631 2055 829 2095 Eugenium,
857 2054 982 2085 ibidem
1009 2063 1121 2086 coram
1149 2054 1249 2085 nobis
1285 2054 1387 2085 flexis
1426 2054 1573 2095 genibus
1598 2056 1775 2091 astantem,
1801 2055 2000 2085 auctoritate
2027 2062 2092 2094 qua

270 2118 440 2159 fungimur
466 2118 496 2149 in
524 2118 585 2148 hac
611 2119 715 2157 parte,
741 2117 912 2148 doctorem
941 2117 972 2147 in
999 2116 1149 2156 predicta
1176 2125 1271 2148 sacre
1296 2116 1466 2157 theologie
1493 2116 1634 2148 scientia
1659 2115 1813 2154 facimus,
1855 2117 2094 2148 constituimus

271 2184 302 2212 et
328 2189 493 2218 creamus,
519 2180 653 2220 sibique
679 2179 872 2210 cathedram
914 2178 1143 2219 magistralem
1184 2179 1390 2210 ascendendi
1417 2180 1448 2210 et
1474 2179 1505 2210 in
1531 2187 1570 2210 ea
1596 2178 1730 2218 publice
1765 2178 1910 2219 legendi,
1936 2178 2092 2216 docendi,

271 2243 479 2284 disputandi,
506 2242 662 2283 glosandi
689 2244 719 2273 et
746 2241 999 2281 interpretandi,
1041 2241 1239 2281 questiones
1264 2243 1296 2272 et
1321 2241 1425 2272 dubia
1450 2241 1664 2275 terminandi.
1689 2242 1889 2280 ceterosque
1915 2241 2095 2272 doctoreos

271 2308 368 2337 actus
395 2306 424 2335 in
452 2305 591 2336 scientia
619 2303 824 2341 huiusmodi,
863 2303 914 2334 hic
940 2305 971 2334 et
997 2303 1122 2343 ubique
1165 2302 1327 2341 locorum,
1365 2303 1555 2341 exercendi,
1582 2303 1748 2334 licentiam
1783 2303 1903 2334 damus
1936 2305 1967 2334 et
1991 2302 2096 2334 facul-

271 2370 370 2399 tatem
397 2367 629 2401 concedimus,
668 2366 806 2406 perinde
833 2374 871 2397 ae
899 2366 926 2396 si
953 2374 1012 2405 per
1037 2364 1299 2397 Serenissimum
1338 2365 1575 2406 Imperatorem
1613 2360 1670 2396 aut
1696 2373 1754 2405 per
1779 2362 1932 2405 Collegia
1958 2364 2094 2405 publica

272 2428 465 2461 Studiorum
492 2428 756 2469 approbatorum
784 2427 918 2468 publice
944 2426 1052 2458 factus
1078 2430 1109 2458 et
1135 2429 1267 2458 creatus
1292 2426 1423 2465 fuisset,
1449 2429 1480 2458 et
1505 2427 1597 2467 quod
1623 2427 1723 2458 etiam
1743 2427 1787 2458 uti
1808 2427 1917 2467 possit
1934 2427 2094 2458 omnibus

273 2491 472 2531 privilegiis,
489 2490 687 2527 honoribus,
714 2489 946 2530 dignitatibus,
975 2489 1244 2521 immunitatibus
1269 2495 1301 2520 et
1327 2489 1616 2529 indultisquibus
1633 2489 1781 2529 gaudent
1811 2489 1909 2520 ceteri
1936 2488 2094 2520 doctores

274 2554 410 2585 laureati
437 2553 603 2592 cuiusque
630 2552 870 2583 Universitatis
895 2551 1095 2592 approbate,
1121 2551 1256 2582 statutis
1275 2551 1548 2591 quibuscumque
1564 2550 1614 2581 vel
1635 2550 1764 2581 iuribus
1783 2559 1848 2581 non
1868 2550 2094 2588 obstantibus,

274 2616 399 2656 quibus
425 2622 589 2654 expresse
628 2614 843 2654 derogamus,
881 2614 1079 2645 auctoritate
1107 2613 1207 2644 nobis
1232 2621 1396 2644 conces*a
1434 2614 1468 2644 ut
1504 2621 1618 2653 supra,
1645 2612 1836 2652 specialiter
1862 2614 1892 2643 et
1918 2620 2094 2653 expresse,

273 2678 371 2708 etiam
399 2677 426 2708 si
453 2677 531 2708 talia
558 2678 673 2707 essent
699 2676 740 2707 de
768 2675 894 2715 quibus
919 2675 1103 2716 specialem
1130 2684 1168 2706 ac
1195 2675 1236 2707 de
1263 2675 1368 2706 verbo
1405 2674 1447 2706 ad
1486 2674 1624 2705 verbum
1663 2674 1733 2706 fieri
1771 2676 1965 2715 opporteret
2001 2683 2094 2705 men-

274 2740 410 2770 tionem.
438 2738 668 2770 Decernentes
695 2737 861 2778 prefatum
889 2738 1061 2769 dominum
1088 2737 1222 2769 fratrem
1249 2737 1448 2777 Eugenium,
1474 2736 1646 2767 doctorem
1666 2738 1814 2767 creatum
1841 2738 1872 2767 et
1897 2736 2093 2777 insignitum

275 2804 307 2833 ut
333 2810 447 2842 supra,
473 2802 518 2832 uti
546 2803 576 2832 et
604 2800 751 2840 gaudere
778 2809 882 2840 posse
909 2800 1069 2831 omnibus
1095 2799 1294 2840 privilegiis,
1319 2786 1609 2840 preheminentiis,
1643 2798 1784 2835 iuribus,
1811 2798 2008 2834 honoribus,
2036 2798 2095 2829 im-

332 3005 350 3025 =,l
382 3003 464 3028 Questi
481 3003 525 3024 dne
541 3003 675 3024 documenti
691 3002 728 3023 dcl
746 3002 795 3023 1484
811 3008 822 3023 c
840 3002 890 3023 1534
905 3002 924 3022 si
941 3004 1040 3023 trovano
1056 3001 1112 3022 uniti
1128 3001 1159 3022 al
1267 3000 1297 3025 (2)
1312 3000 1368 3022 Vedi
1385 3000 1399 3021 il
1415 3000 1556 3021 documento
1572 3000 1608 3021 dcl
1623 3000 1636 3021 6
1650 3000 1736 3026 giugno
1753 3000 1810 3021 1555.

280 3049 354 3069 l'atto
371 3048 482 3073 originale
498 3048 534 3068 del
550 3048 653 3073 diploma
669 3048 690 3068 di
707 3048 795 3068 laurea.
