2305 3407
1931 167 1995 198 275

948 346 1243 387 CMLXIX.

245 454 273 482 Il
297 454 421 482 Senato
445 453 478 482 di
502 453 627 483 Milano
652 453 788 482 rimette
813 455 843 482 al
868 454 1003 482 Vicario
1028 454 1198 483 vescovile
1223 455 1255 483 di
1280 455 1383 484 Pavia
1408 457 1439 484 la
1462 461 1621 485 vertenza
1646 457 1678 485 di
1703 458 1734 488 S.
1762 458 1931 490 Mostiotsr

805 550 969 581 1660,
1001 550 1282 582 fel)l)1·aio‚
1315 550 1369 576 9.

639 655 716 677 (Areli.
733 655 792 676 della
809 654 877 676 Curia
894 656 1010 676 vescovile
1026 656 1046 676 di
1065 656 1134 676 l‘avia
1151 668 1173 669 j
1192 656 1282 679 Chiese.
1300 659 1349 677 cart
1373 657 1406 681 67.
1422 657 1471 678 tasc
1497 658 1520 681 l).

421 830 585 857 HlLlPPUS
611 825 861 866 Hispaniarum,
887 829 948 857 etc.
975 825 1045 859 Rex
1073 829 1103 858 et
1129 827 1316 859 Mediolani
1343 827 1432 864 Dux,
1460 831 1520 860 etc.

531 887 743 919 Venerabilis
769 889 868 920 nobis
893 889 1025 920 dilecte.
1051 888 1136 921 Cum
1164 889 1268 921 lectae
1294 890 1439 922 tuissent
1465 892 1495 922 in
1534 890 1657 923 Senatu
1686 895 1800 924 nostro
1837 894 1992 925 occlusae

255 798 353 914 Ρ

172 1011 355 1044 Mustiolae
382 1014 480 1045 istius
505 1014 652 1045 civitatis
676 1012 738 1053 (2),
766 1023 829 1045 una
856 1023 930 1045 cum
958 1014 1103 1054 allegato
1130 1022 1293 1054 processu
1322 1013 1497 1046 fulminato
1523 1014 1583 1054 (3),
1621 1017 1778 1047 omnibus
1815 1017 1992 1057 diligenter

441 960 557 991 preces
583 951 782 983 Monialium
810 951 937 983 Montis
963 950 1087 983 Oliveti
1113 950 1163 991 (l)
1188 961 1227 983 ae
1254 952 1401 983 Fratrum
1429 954 1534 984 sancti
1573 952 1751 994 Augustini
1790 957 1820 985 et
1857 958 1992 987 sanctae

170 1075 402 1114 consideratis,
429 1076 618 1107 ordinatum
645 1076 704 1108 fuit
730 1078 844 1117 partes
869 1077 910 1107 ad
938 1076 1007 1108 Vos
1033 1076 1251 1107 remittendas
1277 1085 1364 1108 esse.
1390 1076 1618 1114 Quamobrem
1646 1087 1718 1116 nos,
1737 1079 1846 1119 ipsius
1864 1080 1992 1111 ordinis

170 1137 321 1177 opinioni
350 1138 549 1176 inherentes,
575 1138 645 1170 Vos
672 1140 843 1170 hortamur
869 1141 901 1170 ut
929 1139 1011 1169 inter
1037 1141 1149 1178 partes
1177 1139 1270 1179 ipsas
1297 1139 1457 1170 iustitiam
1492 1139 1634 1177 faciatis,
1672 1142 1875 1181 exequendo
1913 1151 1992 1173 exe—

170 1201 315 1239 quenda.
342 1200 417 1232 Dat.
445 1201 643 1239 Mediolani,
669 1202 723 1233 die
751 1200 791 1232 lX
817 1201 986 1239 februarii,
1014 1200 1152 1232 MDLX.
1180 1200 1216 1232 Β.
1244 1200 1448 1233 Patellanus.

258 1266 298 1298 Α.
326 1262 389 1295 Τ.;
416 1263 606 1295 Venerabili
634 1263 877 1295 lurisconsulto
904 1263 1037 1294 Vieario
1064 1263 1259 1304 Episcopali
1287 1263 1412 1304 Papiae
1439 1265 1537 1297 nobis
1570 1266 1702 1297 dilecto.

241 1425 258 1443 1)
276 1423 340 1443 Nella
355 1422 461 1448 supplica
477 1422 536 1442 delle
552 1422 670 1446 monache,
691 1421 806 1441 ricordata
830 1421 850 1441 iu
874 1422 958 1446 questo
980 1420 1050 1440 doen>

173 1469 259 1493 mento,
275 1468 293 1488 si
309 1472 411 1488 accenna
426 1467 467 1487 che
483 1466 601 1491 ilSenato,
617 1471 668 1486 curu
681 1466 820 1486 tractaretur
831 1465 858 1485 de
868 1465 937 1485 rebus
946 1465 1054 1485 ecclesia-

171 1513 236 1534 sticis
247 1530 250 1533 ,
262 1530 265 1533 .
277 1529 280 1533 ,
293 1529 295 1532 .
313 1517 354 1533 nec
369 1512 444 1532 adhuc
460 1511 570 1532 haberent
587 1510 713 1531 moniales.
725 1526 728 1530 ,
740 1527 744 1530 .
756 1527 759 1530 .
776 1509 910 1530 facultatem
926 1509 1048 1530 invocandi

167 1558 285 1578 brachium
301 1557 414 1582 seculare,
431 1556 563 1576 noinii....
580 1555 608 1576 de
624 1556 666 1575 hoc
683 1555 776 1580 negotio
792 1560 817 1574 se
837 1554 999 1574 intromittere.
1022 1554 1050 1574 Α-

167 1602 242 1623 vendo
259 1601 314 1627 pero
330 1601 349 1622 le
366 1601 477 1621 monache
493 1601 601 1621 otteuuto
618 1599 662 1619 tale
679 1598 763 1619 facona
787 1600 824 1619 eol
849 1599 990 1619 documento
1013 1598 1049 1618 del

165 1648 177 1668 7
193 1647 290 1673 germaio
308 1646 365 1671 1500,
381 1645 494 1666 cliiedorio
509 1645 550 1665 che
566 1644 579 1664 il
595 1644 681 1665 Senato
697 1644 801 1664 senteuzi
818 1643 880 1669 quod
897 1643 951 1665 Rev.
977 1643 1049 1663 dorni-

167 1698 209 1713 uus
235 1691 334 1712 vicarius
358 1690 500 1717 episcopalis
523 1689 602 1715 Papie,
627 1689 662 1709 eui
687 1689 756 1709 etiam
780 1688 917 1714 magnificus
938 1688 1046 1708 dominus

167 1736 246 1757 Pretor
263 1736 323 1756 dicte
338 1735 440 1756 civitatis
455 1734 573 1755 brachium
589 1739 656 1754 suum
672 1733 794 1758 concedat,
819 1733 883 1758 ipsas
905 1733 1050 1758 exponentes

164 1781 258 1803 omnino
269 1781 345 1801 mittat
356 1780 378 1801 in
389 1779 564 1805 possessionem
576 1778 636 1799 dicte
647 1778 744 1798 ecclesie
755 1779 777 1798 et
788 1778 842 1798 dicti
857 1777 990 1798 monasterii
1003 1778 1046 1798 etc.

218 1826 240 1845 <2
269 1825 298 1845 La
313 1824 420 1850 supplica
436 1823 495 1849 degli
512 1822 656 1849 Agostiuiani
672 1823 683 1843 e
699 1822 719 1842 la
735 1823 861 1847 segueute:

219 1869 308 1890 Fideles
323 1869 450 1889 servitores
465 1868 599 1888 Maiestatis
614 1867 711 1888 Vestrae
727 1867 819 1887 Fratres
834 1866 912 1886 Sancti
924 1866 1047 1891 Augustini

165 1915 187 1935 et
202 1915 282 1934 sancte
299 1913 409 1933 Mustiole
424 1912 527 1933 civitatis
543 1912 622 1937 Papie,
638 1911 803 1936 respondendo
818 1911 984 1936 supplicationi
1008 1916 1048 1930 uo-

165 1959 223 1979 viter
239 1960 346 1984 porrecte
363 1963 402 1983 per
418 1957 471 1978 Rev.
490 1957 604 1977 Monialcs
621 1956 691 1976 Beate
708 1956 781 1976 Marie
801 1956 890 1976 Montis
901 1955 994 1978 Oliveti,
1010 1955 1042 1975 di-

165 2004 219 2023 cuni
236 2002 289 2023 nihil
306 2001 477 2022 decernendum
493 2006 546 2021 esse
562 2006 602 2026 per
619 2000 649 2020 M.
668 2000 692 2020 V.
710 2006 781 2026 super
805 2005 883 2020 earum
905 1999 1042 2020 Monialium

166 2047 274 2073 precibus
290 2052 331 2067 uec
346 2046 425 2071 aliquo
442 2046 510 2066 inodo
526 2045 695 2070 providendum
711 2046 745 2065 est
763 2047 786 2065 ut
804 2044 858 2065 Rev.
875 2044 979 2065 vicarius
995 2044 1047 2069 Epi-

165 2091 267 2116 scopalis
284 2090 354 2116 l’apie
370 2095 411 2111 uec
427 2090 453 2110 D.
472 2089 552 2110 Pretor
568 2090 642 2114 ipsius
657 2089 758 2109 civitatis
769 2089 848 2114 aliquo
860 2088 929 2108 modo
941 2088 1047 2108 50111110-

165 2136 257 2156 mittant
273 2141 314 2156 nec
329 2135 417 2161 aliquid
432 2134 525 2158 fatiant,
542 2134 610 2154 etiam
627 2139 698 2158 super
719 2136 811 2153 asserto
835 2132 949 2153 Processu
971 2132 1046 2152 tulmi-

165 2183 229 2206 nato,
245 2183 293 2201 tuni
311 2181 363 2206 quia
379 2185 449 2200 causa
472 2180 515 2199 iain
538 2181 574 2199 est
598 2178 730 2199 introducta
750 2178 771 2198 in
797 2178 865 2198 Curia
889 2177 1000 2202 Romana,
1023 2179 1045 2198 et

164 2227 242 2247 stante
258 2225 307 2251 ipsa
324 2224 497 2245 introductione
513 2224 589 2244 nullus
604 2223 663 2243 alius
679 2222 748 2243 ludex
764 2222 857 2242 interior
874 2223 952 2247 potest
975 2227 999 2242 se
1015 2222 1047 2242 in-

164 2270 303 2293 tromittere.
320 2269 347 2289 de
364 2274 408 2294 qua
425 2268 597 2288 introductione
614 2267 673 2287 nulla
691 2266 750 2287 iacta
767 2266 808 2287 tuit
834 2266 919 2286 mentio
935 2267 956 2286 iu
979 2266 1048 2286 dictis

164 2315 287 2341 precibus:
303 2316 325 2334 et
343 2313 380 2333 ubi
397 2313 514 2333 videretur
531 2312 562 2332 M.
580 2312 605 2332 V.
622 2312 746 2332 deseruere
762 2311 853 2336 aliquas
878 2311 968 2331 litteras
992 2316 1042 2335 pre-

164 2358 212 2379 tato
229 2358 283 2380 Rev,
299 2358 390 2379 Vicario
407 2357 538 2383 Episcopali
554 2362 581 2377 ac
598 2356 686 2377 Pretori
713 2356 791 2382 l'apie,
815 2356 878 2381 quod
901 2357 978 2376 tamen
1001 2360 1046 2375 nen

164 2403 273 2429 creditur,
290 2403 348 2423 tales
370 2403 446 2423 littere
468 2401 612 2422 decerueude
634 2403 687 2421 sunt
712 2400 874 2421 tantummodo
898 2400 925 2420 de
948 2400 1046 2424 lustitia,

165 2448 196 2469 ita
210 2449 232 2468 et
248 2447 325 2468 taliter
341 2449 365 2468 111
382 2453 423 2472 per
439 2447 497 2467 tales
522 2447 612 2467 litteras
634 2445 793 2466 decernendas
815 2450 860 2465 nou
883 2445 928 2465 sint
951 2444 1043 2465 sublate

163 2492 313 2518 exceptiones
328 2493 350 2512 et
367 2497 514 2517 quecumque
529 2491 573 2511 alia
593 2491 641 2511 iura
657 2492 820 2515 competentes
841 2491 863 2510 et
885 2489 1043 2514 competentia

164 2536 222 2562 ipsis
237 2536 291 2557 Rev.
308 2535 335 2556 D.
352 2536 471 2556 Fratribus
487 2538 508 2556 et
525 2535 587 2555 dicto
602 2540 683 2555 eornm
706 2534 851 2555 Monasterio
873 2536 919 2554 tani
936 2533 1049 2553 nullitatis

164 2581 324 2606 (111-111111ῐί101,
340 2582 361 2601 et
378 2582 424 2601 taut
449 2580 563 2601 adversus
584 2582 700 2600 assertum
723 2580 877 2603 contractum,
902 2578 929 2598 de
952 2584 998 2603 quo
1020 2578 1042 2598 in

164 2625 279 2650 precibus,
296 2630 365 2650 quam
380 2625 455 2649 alitem
472 2625 589 2650 quoniam,
606 2626 630 2644 ut
642 2624 752 2644 intellexit
764 2623 865 2644 Senatus
876 2622 1045 2643 Excellentissi-

167 2674 218 2690 mus
233 2669 265 2690 M.
283 2669 307 2690 V.
332 2670 439 2690 assertus
463 2671 606 2694 contractus,
623 2669 651 2689 de
667 2674 713 2694 quo
728 2669 813 2693 agitur,
829 2667 871 2688 11111
892 2670 914 2688 et
937 2669 971 2688 est
995 2667 1042 2687 uul-

166 2713 202 2734 lus
224 2715 245 2734 et
263 2714 337 2734 iniuus
353 2713 488 2734 solemniter
504 2715 525 2734 et
543 2713 617 2734 minus
643 2713 745 2738 legitime
769 2712 854 2738 tactus,
873 2712 905 2732 ita
930 2711 993 2737 quod
1018 2711 1040 2731 id

164 2757 227 2783 quod
243 2758 329 2778 nultum
345 2760 388 2782 est,
405 2763 450 2778 non
466 2758 542 2783 potuit
559 2762 600 2778 uec
615 2759 694 2783 potest
709 2756 840 2778 confirmari
856 2757 925 2777 etiam
941 2762 968 2776 ex
979 2757 1042 2776 certa

163 2802 269 2823 scientia.
285 2802 362 2827 Quare
377 2802 421 2828 ipsi
438 2802 523 2822 domini
540 2802 648 2828 Religiosi
664 2803 760 2822 exorant
776 2801 893 2822 humiliter
917 2800 948 2821 Μ.
972 2800 998 2821 ν,
1021 2802 1046 2821 111

162 2846 271 2873 dignetur
287 2847 404 2872 repulsam
420 2846 475 2867 dare
490 2846 559 2867 dictis
574 2846 725 2872 Monialibus,
741 2847 776 2867 vel
791 2846 874 2867 saltent
890 2845 1000 2866 exaudire
1011 2850 1050 2870 pe-

1104 1422 1209 1442 titionem
1226 1422 1368 1448 prefatorum
1385 1422 1531 1443 domiuoruui
1549 1423 1652 1443 Fratrum
1669 1423 1742 1443 sancti
1769 1423 1890 1447 Augustini
1908 1425 1931 1443 ut
1956 1423 1987 1443 iu-

1108 1468 1170 1487 stum
1186 1468 1222 1488 est
1238 1468 1260 1488 et
1276 1467 1307 1487 ita
1324 1469 1440 1493 speratur.

1158 1512 1186 1536 13)
1202 1511 1328 1532 S'intende
1343 1512 1357 1532 il
1373 1511 1467 1532 decreto
1483 1511 1518 1532 del
1535 1512 1604 1533 Card.
1624 1511 1715 1533 Caralla
1731 1513 1795 1533 sotto
1811 1513 1830 1532 la
1847 1513 1901 1533 data
1912 1513 1923 1533 7
1934 1518 1987 1538 gen-

1105 1557 1157 1577 naio
1176 1556 1232 1577 1560.
1249 1556 1336 1577 Contro
1353 1558 1437 1582 questo
1453 1557 1548 1577 decreto
1564 1557 1678 1577 iieorsero
1693 1557 1722 1582 gli
1739 1557 1893 1582 Agostiuiani,
1909 1557 1937 1577 ed
1953 1559 1987 1577 ot-

1105 1602 1202 1621 tennero
1218 1607 1247 1622 un
1271 1601 1343 1622 Breve
1367 1601 1403 1626 pel
1428 1601 1506 1627 quale,
1529 1601 1648 1622 aniiullato
1672 1601 1684 1621 il
1707 1601 1819 1621 suddetto
1842 1601 1944 1625 decreto,
1967 1601 1985 1621 si

1103 1645 1235 1666 dichiarava
1252 1645 1345 1671 integra
1360 1645 1380 1665 la
1396 1651 1468 1666 eausa
1484 1645 1512 1665 da
1535 1645 1660 1670 giudiearsi
1677 1645 1738 1665 dallo
1763 1646 1841 1665 stesso
1857 1645 1987 1666 Cardinale.

1102 1689 1144 1711 Cib
1159 1690 1177 1710 si
1193 1689 1283 1710 deduce
1298 1690 1327 1710 da
1343 1695 1387 1710 una
1402 1690 1545 1715 allegazioue
1562 1690 1620 1715 degli
1637 1689 1781 1715 Agostiniani
1798 1689 1890 1710 dinanzi
1906 1690 1926 1710 al
1951 1690 1987 1710 Vi-

1105 1734 1167 1754 cario
1183 1734 1300 1754 vescovile
1316 1734 1336 1754 di
1354 1734 1423 1754 Pavia
1440 1735 1460 1754 111
1477 1734 1531 1754 data
1552 1734 1578 1755 29
1601 1734 1705 1754 tebbraio
1731 1734 1788 1759 1500,
1811 1740 1853 1754 con
1877 1734 1896 1754 la
1919 1734 1987 1759 quale

1103 1780 1240 1805 protestatio
1256 1779 1276 1799 la
1292 1779 1372 1799 nullita
1389 1779 1424 1799 del
1441 1784 1552 1804 processo
1575 1779 1691 1803 νίς-1111110,
1706 1779 1778 1799 auehe
1801 1784 1841 1804 per
1864 1779 1883 1799 le
1906 1779 1987 1799 lettere

1104 1824 1210 1844 citatorie
1226 1823 1255 1844 da
1271 1823 1320 1844 loro
1336 1824 1443 1844 otteaute
1459 1823 1495 1843 dal
1513 1823 1580 1844 Card.
1599 1823 1689 1844 Caralta
1714 1823 1734 1843 ai
1761 1824 1783 1843 15
1805 1823 1919 1848 tebbraio,
1942 1829 1985 1844 con

1103 1868 1138 1889 cui
1155 1868 1169 1888 11
1185 1868 1250 1889 detto
1266 1867 1389 1889 Cardinale
1405 1874 1518 1888 revoeava
1534 1874 1546 1888 a
1571 1868 1595 1888 se
1618 1868 1638 1888 la
1662 1868 1803 1888 trattazione
1825 1868 1884 1888 della
1907 1874 1985 1888 causa.

1102 1912 1182 1937 Quelle
1198 1913 1279 1933 lettere
1295 1912 1417 1933 dovevauo
1433 1918 1510 1933 essere
1527 1912 1646 1932 notificate
1661 1912 1704 1932 alle
1728 1912 1850 1935 Monache,
1874 1918 1885 1932 e
1908 1912 1987 1937 percio

1096 1957 1126 1982 gli
1142 1957 1287 1982 Agostiniani
1303 1958 1321 1977 si
1339 1957 1489 1982 rivolgevano
1504 1957 1525 1977 al
1542 1957 1605 1981 regio
1621 1956 1716 1981 Senam,
1733 1957 1774 1977 che
1794 1957 1926 1977 deliberava
1943 1962 1986 1977 con

1098 2002 1118 2022 la
1134 2004 1247 2027 seguente
1263 2002 1346 2022 lettera
1362 2002 1382 2021 al
1398 2002 1490 2022 Vieario
1506 2002 1623 2021 veseovile
1640 2001 1660 2021 di
1679 2001 1764 2021 l’avia:

1156 2054 1165 2062 κ
1181 2046 1257 2066 Molto
1274 2045 1409 2067 Reverendo
1425 2045 1522 2071 Signore

1156 2090 1260 2110 Essendo
1276 2090 1386 2110 richiesto
1403 2095 1443 2115 per
1458 2090 1471 2109 li
1488 2090 1548 2110 Frati
1565 2089 1586 2109 di
1603 2091 1684 2109 sancta
1702 2089 1813 2109 Mustiola
1830 2090 1850 2109 di
1869 2089 1938 2109 Ravia
1962 2090 1986 2109 li-

1100 2134 1175 2155 centia
1190 2134 1236 2154 allo
1261 2134 1353 2154 Eccmo
1377 2133 1463 2155 Senatu
1486 2134 1507 2154 di
1531 2135 1598 2159 poter
1619 2134 1741 2154 inthimare
1763 2133 1806 2153 alle
1830 2134 1940 2153 monache
1963 2134 1984 2153 di

1101 2178 1182 2199 Monte
1198 2178 1290 2199 Oliveto
1306 2178 1327 2198 di
1345 2178 1415 2198 Pavia
1432 2183 1476 2198 11110
1493 2178 1562 2198 breve
1583 2177 1716 2203 apostolico
1739 2178 1847 2198 citatorio
1869 2178 1890 2197 111
1914 2177 1984 2198 Corte

1101 2222 1123 2242 di
1139 2222 1210 2243 Roma
1227 2227 1267 2247 per
1282 2227 1352 2242 causa
1368 2222 1467 2242 vertisce
1483 2223 1551 2241 nante
1566 2227 1578 2241 a
1596 2221 1620 2242 V.
1639 2221 1662 2243 R.
1680 2221 1702 2242 S,
1719 2221 1730 2241 e
1746 2221 1813 2241 datto
1829 2221 1909 2241 ordine
1920 2227 1931 2241 a
1949 2227 1983 2241 nie

1103 2267 1144 2287 che
1159 2266 1181 2286 io
1196 2266 1271 2286 scriva
1287 2271 1299 2286 a
1315 2265 1341 2286 V.
1358 2265 1382 2286 R.
1399 2265 1421 2286 S.
1438 2266 1479 2286 elie
1495 2265 1578 2286 debbia
1594 2265 1749 2291 supersedere
1773 2265 1793 2285 iu
1816 2265 1880 2286 detta
1903 2271 1982 2290 causa,

1096 2311 1147 2331 sino
1162 2316 1174 2331 a
1191 2311 1257 2330 tanto
1272 2310 1306 2330 sia
1329 2310 1390 2330 visto
1412 2315 1466 2330 esso
1492 2310 1570 2335 breve,
1593 2311 1615 2330 et
1638 2315 1708 2335 sopra
1731 2309 1766 2330 cio
1791 2310 1921 2330 deliberato
1944 2315 1984 2335 per

1101 2360 1155 2375 esso
1172 2355 1264 2375 Eecauo
1280 2353 1374 2379 Senato,
1391 2354 1421 2374 dil
1446 2354 1487 2374 che
1503 2354 1579 2379 quella
1603 2360 1630 2374 ne
1653 2353 1737 2374 havera
1759 2354 1825 2374 aviso
1848 2355 1870 2374 et
1893 2354 1940 2374 cosi
1964 2354 1983 2374 51

1103 2400 1183 2420 exorta
1200 2399 1224 2420 V.
1242 2398 1264 2419 S.
1282 2398 1305 2419 R.
1331 2404 1343 2419 a
1367 2399 1430 2419 voler
1455 2399 1570 2423 exegiiire.
1597 2398 1650 2419 Dat.
1676 2399 1697 2419 in
1723 2398 1865 2423 Mediolano,
1889 2398 1927 2419 alli
1950 2399 1983 2418 sci

1099 2443 1180 2464 Marzo
1198 2443 1255 2467 1550,
1274 2443 1293 2463 ii
1310 2443 1335 2464 V.
1352 2442 1375 2463 S.
1392 2442 1416 2464 R.
1434 2444 1522 2468 quanto
1538 2442 1629 2463 fratello
1647 2442 1763 2463 Lodovico
1785 2443 1894 2463 Mazeuta
1911 2450 1929 2462 ».

1153 2487 1211 2508 Pero
1227 2488 1240 2507 11
1256 2487 1369 2508 Senatore
1384 2487 1504 2513 Mageuta,
1519 2487 1642 2507 scrivendo
1653 2487 1698 2507 allo
1709 2489 1787 2508 stesso
1806 2487 1897 2508 Vicario
1915 2487 1982 2513 pochi

1104 2532 1177 2557 giorni
1193 2532 1264 2557 dopo,
1280 2532 1330 2552 eioe
1344 2531 1365 2552 ai
1384 2532 1406 2551 10
1422 2537 1509 2556 marzo,
1524 2533 1650 2552 accenuata
1666 2532 1686 2552 la
1702 2531 1818 2552 relazioue
1834 2531 1862 2552 da
1879 2531 1908 2552 lui
1925 2531 1983 2552 latta

1097 2578 1119 2597 in
1135 2576 1221 2597 Senato
1236 2577 1295 2597 sulla
1306 2576 1422 2597 domanda
1433 2576 1492 2601 degli
1505 2576 1657 2601 Agostiuiani,
1669 2576 1801 2597 dichiarava
1812 2582 1891 2597 essere
1902 2576 1983 2597 ordine

1100 2621 1136 2642 del
1151 2620 1253 2641 Senato:
1270 2628 1280 2637 ‹<
1295 2621 1377 2641 eh'ella
1392 2620 1468 2641 debba
1485 2621 1620 2646 proseguire
1636 2626 1664 2641 ue
1680 2621 1699 2641 la
1722 2626 1792 2641 causa
1809 2626 1874 2641 come
1899 2620 1980 2646 prima,

1097 2665 1174 2686 avanti
1191 2665 1249 2686 tatta
1265 2665 1285 2685 la
1302 2664 1437 2686 inhibitione
1453 2670 1465 2685 e
1480 2665 1528 2685 cosi
1545 2665 1564 2685 la
1581 2664 1629 2685 tara
1652 2674 1664 2685 κ
1682 2665 1711 2685 La
1728 2670 1798 2685 causa
1822 2665 1858 2690 poi
1881 2664 1904 2685 tu
1927 2665 1983 2685 rias-

1096 2711 1165 2730 suuta
1181 2709 1218 2730 dal
1234 2709 1326 2730 vicario
1341 2709 1361 2730 ai
1381 2710 1403 2729 Η
1419 2715 1506 2733 marzo,
1523 2715 1534 2729 e
1550 2710 1685 2730 continuata
1702 2709 1723 2730 in
1741 2715 1821 2730 mezzo
1836 2709 1880 2729 alle
1895 2709 1979 2734 allega-

1098 2754 1157 2775 zioni
1174 2753 1209 2774 dei
1226 2753 1371 2779 procuratori
1387 2753 1446 2774 delle
1462 2753 1506 2774 due
1522 2754 1581 2779 parti
1598 2753 1644 2774 tino
1659 2753 1679 2773 ai
1695 2754 1717 2774 31
1735 2742 1829 2774 ottobre
1847 2753 1904 2778 1500,
1916 2758 1981 2773 come

1101 2800 1119 2819 si
1136 2799 1182 2825 puo
1199 2798 1283 2819 vedere
1298 2798 1334 2819 nel
1349 2798 1421 2819 citato
1437 2797 1547 2819 lascicolo
1562 2798 1621 2819 della
1638 2798 1706 2819 Curia
1723 2798 1847 2819 vescorile.
