2305 3407
1971 214 2012 246 75

199 344 406 386 Strazapatis
431 345 499 377 tilio
526 345 697 386 quondam
725 345 851 376 domini
879 343 1048 377 Guniforti
1075 347 1106 377 et
1125 346 1263 376 domino
1283 345 1450 376 Nicholao
1470 346 1510 376 de
1529 345 1722 377 Bellisomis
1741 347 1809 377 filio
1843 348 2013 387 quondam

199 408 326 439 domini
353 407 510 439 Iohannis
536 407 657 445 iacobi,
684 407 760 438 inde
785 408 939 439 testibus.

290 469 360 510 Ego
386 469 570 501 ieronimus
596 470 636 500 de
662 468 777 502 Raude
804 470 915 501 dictus
941 470 981 501 de
1008 469 1185 511 Astulpltis
1210 470 1300 501 filius
1317 470 1443 501 domini
1464 468 1634 502 Gabrielis
1653 470 1809 510 publicus
1840 472 2013 511 papiensis

201 533 362 573 imperiali
390 534 420 563 et
446 532 634 572 apostolica
660 532 920 563 auctoritatibus
946 533 1097 563 notarius
1123 533 1390 573 suprascriptum
1419 533 1673 563 instrumentum
1701 533 1872 563 inventum
1899 535 1929 563 et
1955 543 2013 564 ex-

199 597 339 627 tractum
365 604 407 625 ex
434 596 465 625 et
490 594 530 626 de
558 593 739 625 Breviariis
766 602 825 625 seu
852 595 1059 634 protliocolis
1086 595 1211 626 domini
1239 593 1421 635 Raphaelis
1447 594 1487 625 de
1507 594 1714 626 Marciiexiis
1741 595 1858 626 notarii
1886 595 2010 635 publici

201 656 302 697 papie
328 659 358 688 et
385 657 462 687 mibi
489 656 681 687 commissis
708 665 764 696 per
791 657 948 687 dominos
985 655 1154 688 Consules
1195 657 1406 687 dominorum
1445 656 1658 687 Notariorum
1685 659 1745 688 etc.
1773 657 1824 687 bic
1863 666 1912 688 me
1950 657 2013 687 sub

199 728 287 750 anno
313 718 446 750 Domini
473 720 623 749 currente
653 718 745 755 1522,
772 721 831 750 etc.
859 719 912 750 die
938 719 958 749 4
983 719 1153 757 februarii,
1180 719 1379 760 subscripsi,
1405 722 1466 750 etc.

288 834 514 866 illustrissime
540 833 675 864 domine
701 836 731 864 et
757 834 826 864 dux
853 835 1115 874 sapientissime,
1143 836 1219 874 post
1245 835 1392 866 debitam
1420 835 1614 865 servitutem
1642 837 1702 865 etc.

286 895 336 927 Ad
363 896 542 936 septimum
570 896 646 927 idus
672 895 833 934 octobris,
864 905 926 927 nos
953 896 1155 937 infrascripti
1194 897 1377 928 servitores
1404 897 1516 935 vestri,
1551 896 1682 928 Fratres
1716 896 1919 928 Heremitani
1958 897 2014 928 de-

197 960 314 999 gentes
340 959 371 989 in
399 958 602 989 monasterio
629 959 733 989 sancti
762 957 939 999 Augustini
969 958 1105 999 Papiae,
1132 960 1277 999 presenti
1304 959 1494 999 chirografo
1519 960 1617 990 fidem
1638 959 1780 990 facimus
1800 960 1968 999 recepisse
1994 968 2012 989 a

197 1022 334 1052 domino
361 1020 555 1053 Castellano
583 1020 687 1061 Papie
714 1023 745 1052 et
771 1030 788 1052 a
815 1023 928 1052 vestro
955 1021 1022 1052 fido
1049 1022 1165 1052 nuntio
1202 1023 1313 1053 vestra
1351 1022 1611 1061 precioxissima
1649 1022 1843 1053 indumenta
1873 1024 2012 1062 argento

195 1086 297 1124 atque
323 1093 405 1115 auro
430 1084 617 1115 artificioxe
643 1086 813 1121 contexta,
839 1093 913 1115 cum
941 1092 1063 1124 magno
1090 1093 1154 1115 non
1181 1084 1290 1115 solum
1317 1084 1459 1115 ecclesie
1487 1086 1599 1116 nostre
1631 1093 1744 1115 verum
1771 1087 1801 1115 et
1828 1085 1931 1115 totius
1968 1084 2013 1115 ci—

197 1147 310 1178 vitatis
335 1147 478 1186 aplausu
505 1148 535 1177 et
562 1146 809 1186 solempnitate,
842 1155 907 1186 que
934 1146 1082 1186 quidem,
1109 1147 1149 1178 de
1175 1148 1307 1178 comuni
1350 1147 1533 1178 concordia
1559 1149 1589 1178 et
1616 1156 1697 1187 pace
1735 1147 1909 1187 utriusque
1946 1147 2013 1177 col-

197 1210 284 1250 legii,
310 1210 351 1240 ad
378 1218 554 1240 commune
580 1209 782 1249 obsequium
809 1209 1046 1249 gloriosissimi
1075 1209 1179 1249 patris
1205 1209 1309 1240 nostri
1336 1211 1365 1240 et
1392 1209 1520 1240 assidui
1548 1209 1638 1249 apud
1667 1208 1773 1240 Deum
1815 1218 1875 1249 pro
1902 1211 2012 1239 vestra

196 1272 395 1303 excellentia
421 1272 564 1303 oratoris
590 1271 770 1311 Augustini
797 1271 1042 1311 disposuimus,
1069 1274 1208 1311 agentes
1245 1274 1355 1302 vestre
1391 1271 1592 1302 excellentie
1618 1280 1683 1302 non
1711 1280 1796 1311 quas
1837 1272 2011 1309 debemus,

196 1335 255 1365 sed
283 1343 368 1374 quas
394 1342 578 1374 possumus
604 1334 740 1374 gratias,
767 1334 945 1364 offerentes
970 1334 1067 1364 etiam
1095 1334 1202 1364 eidem
1231 1334 1364 1365 labores
1391 1336 1526 1365 nostros
1551 1334 1745 1374 spirituales
1764 1334 1794 1364 in
1815 1336 2011 1374 perpetuum

196 1397 442 1437 paratissimos.
468 1396 558 1428 Bene
585 1396 695 1427 valeat
720 1396 920 1427 excellentia
947 1398 1068 1433 vestra,
1095 1405 1196 1435 quam
1224 1395 1317 1427 Deus
1336 1398 1516 1427 conservet
1534 1398 1564 1426 et
1580 1395 1726 1426 felicitet.
1746 1395 1868 1426 Datum
1897 1394 2011 1435 Papie,

195 1460 248 1490 die
276 1461 309 1490 ut
334 1468 436 1499 supra
462 1462 524 1491 etc.
550 1459 701 1490 eiusdem
728 1458 970 1489 dominationis
996 1460 1105 1489 vestre
1133 1458 1358 1489 illustrissime
1385 1458 1509 1489 servuli
1537 1461 1567 1489 et
1593 1460 1753 1493 oratores.

943 1659 1269 1700 DCCXXIX.

281 1778 552 1807 Dichiarazione
578 1777 669 1814 degli
695 1777 890 1806 Eremitani
916 1777 1228 1806 sull'osservanza
1255 1778 1541 1806 dell’interdetto
1566 1778 1702 1814 papale,

759 1901 892 1931 1511,
922 1901 1251 1931 c1ioe111bre‚
1280 1901 1439 1925 loa-21.

705 1998 782 2021 (Ascli.
800 1999 879 2019 Notat.
897 1999 918 2018 di
936 1998 1013 2018 Pavia.
1031 2010 1055 2011 j
1072 1999 1118 2019 Atti
1135 1998 1156 2018 di
1173 1998 1230 2018 Gian
1249 1998 1343 2018 Alberto
1365 1998 1492 2021 Mirrasco).

271 2189 368 2305 P
439 2208 552 2235 RESSO
577 2203 609 2234 [a
634 2204 792 2234 sacrestm
818 2204 852 2234 di
876 2203 908 2235 S.
935 2204 1097 2243 Agostino
1123 2213 1139 2234 e
1164 2206 1249 2235 sotto
1275 2204 1298 2234 il
1317 2204 1444 2244 portico
1463 2203 1516 2234 del
1533 2203 1684 2234 clziostro.
1702 2202 1886 2235 Reverendi
1915 2212 2007 2233 sacre

462 2266 582 2306 pagine
609 2265 819 2305 professores
845 2266 971 2296 domini
999 2266 1159 2306 magister
1184 2264 1370 2306 Gregorius
1395 2265 1436 2296 de
1463 2265 1622 2296 Vercellis
1649 2264 1785 2295 Prion...
1820 2267 2008 2296 conventus

423 2364 426 2365 ⁷
461 2328 568 2359 sancti
596 2326 775 2367 Augustini
802 2330 833 2358 et
859 2328 1018 2367 magister
1043 2327 1209 2358 lohannes
1236 2326 1470 2358 Bertolameus
1495 2328 1536 2358 de
1562 2325 1754 2358 Castelacio
1781 2330 2008 2366 procurator...

195 2390 272 2421 dicti
298 2391 533 2422 monasterii...
562 2390 694 2420 nomine
720 2399 757 2421 ac
784 2390 856 2420 vice
882 2391 985 2420 totius
1011 2388 1204 2429 Capituli....
1243 2390 1356 2420 dicunt
1383 2392 1413 2420 et
1440 2391 1711 2429 protestantur....
1746 2390 1836 2429 quod
1864 2390 1890 2420 si
1918 2391 1948 2420 et
1976 2390 2005 2419 in

193 2455 354 2492 quantum
381 2453 552 2492 contingat
578 2454 609 2483 et
634 2460 693 2483 seu
721 2454 927 2492 appareat....
955 2453 1049 2491 ipsos
1076 2450 1235 2489 Priorem,
1262 2450 1434 2483 Sirssxlicum
1462 2453 1492 2482 et
1518 2452 1603 2482 alios
1630 2451 1761 2483 Fratres
1799 2452 1906 2492 ipsius
1932 2461 2010 2482 con-

194 2517 324 2552 ventus,
351 2516 382 2546 in
409 2516 482 2555 ipsa
508 2514 651 2545 ecclesia
677 2514 782 2545 sancti
810 2513 1000 2554 Augustini,
1028 2514 1142 2544 divina
1180 2513 1289 2545 officia
1327 2514 1537 2545 celebrantes
1564 2514 1615 2544 liis
1641 2514 1851 2554 temporibus
1876 2516 1906 2544 et
1933 2516 2009 2554 post

193 2577 408 2608 observatum
435 2577 498 2608 iam
524 2577 624 2608 certis
649 2576 770 2607 diebus
807 2576 954 2615 quodam
991 2578 1156 2606 assertum
1191 2576 1345 2616 generale
1372 2576 1595 2614 interdictum,
1623 2578 1656 2607 ut
1681 2576 1813 2613 dicitur,
1840 2576 1903 2616 ipsi
1930 2576 2010 2606 civi-

193 2639 249 2670 tati
276 2648 334 2679 per
359 2638 532 2671 Summum
559 2638 754 2669 Pontificem
781 2638 975 2678 impositum
993 2635 1087 2677 (1)....
1115 2638 1287 2677 presertim
1316 2647 1374 2678 per
1399 2638 1494 2678 ipsos
1521 2637 1650 2669 Fratres
1677 2638 1739 2669 iarn
1782 2638 1859 2669 dicti
1894 2647 2009 2669 mona-

193 2701 282 2732 sterii
308 2704 339 2732 et
364 2703 561 2739 conventus,
587 2710 629 2732 ex
655 2710 695 2732 eo
721 2701 812 2740 quod
839 2700 919 2731 illud
946 2700 1118 2731 observari
1146 2700 1301 2730 viderunt
1316 2709 1373 2740 per
1392 2700 1596 2731 reverendos
1622 2700 1779 2731 dominos
1795 2698 2006 2739 Prepositum

192 2766 223 2794 et
247 2762 442 2795 Canonicos
467 2764 604 2794 maioris
630 2763 773 2795 ecclesie
800 2763 908 2803 ipsius
933 2763 1100 2801 civitatis;
1129 2762 1322 2793 huiusmodi
1349 2761 1532 2793 vociferato
1559 2762 1735 2793 interdicto
1755 2771 1820 2792 non
1840 2762 2007 2795 obstante.

194 2826 224 2856 in
251 2826 324 2866 ipsa
350 2826 492 2857 ecclesia
518 2826 623 2857 sancti
651 2825 830 2866 Augustini
857 2825 897 2856 de
923 2827 1033 2856 cetero
1060 2825 1183 2855 missas
1208 2826 1239 2854 et
1264 2824 1379 2855 divina
1405 2823 1517 2855 officia
1536 2824 1670 2864 publice
1689 2826 1719 2855 et
1737 2824 1864 2864 apertis
1898 2824 2006 2854 ianuis

194 2887 301 2927 ipsius
326 2888 465 2919 ecclesie
490 2890 520 2919 et
547 2897 621 2919 cum
648 2887 847 2928 pulsacione
873 2895 1110 2927 campanarum
1137 2886 1306 2917 celebrare
1332 2888 1363 2917 et
1388 2888 1532 2919 cantare,
1559 2886 1650 2926 quod
1678 2886 1709 2916 id
1736 2885 1854 2917 tacturi
1882 2888 2005 2916 suntet

249 3052 279 3078 (1)
295 3053 337 3074 Per
352 3054 372 3074 la
389 3054 534 3080 intelligeuza
551 3054 572 3075 di
589 3056 674 3080 questo
692 3054 833 3075 documento
848 3054 859 3074 ὸ
877 3054 934 3074 bene
956 3053 1072 3074 ricordare
1128 3052 1238 3077 terdeno,
1254 3052 1276 3072 di
1292 3053 1327 3073 cui
1345 3053 1382 3078 qui
1399 3053 1417 3073 si
1434 3052 1505 3078 paria.

197 3097 202 3118 i
218 3097 269 3119 iatti
285 3099 373 3124 esposti
389 3099 410 3119 al
427 3099 478 3119 doc.
494 3099 530 3120 del
549 3099 572 3120 12
587 3099 672 3125 giugno
690 3100 748 3125 1511,
765 3099 769 3119 i
787 3099 848 3124 quali
872 3103 1003 3119 causarono
1019 3098 1074 3118 l’in-
