2305 3407
1959 168 2026 225 145³

208 335 274 365 tore
301 331 426 372 Giorgt'.
453 331 506 363 del
523 331 564 372 fu
589 331 753 366 Bassano,
781 330 837 362 I1're
860 329 906 362 90
928 328 1091 370 imperiali
1125 327 1243 360 dovute
1279 326 1314 358 αΙ
1350 325 1517 359 Conventa
1555 326 1671 367 vigore
1698 326 1964 358 contribucionis
1990 327 2021 357 et

208 394 460 435 assignacionis
484 393 592 425 eidem
618 392 704 424 facte
729 394 760 423 et
786 392 862 423 date
889 400 948 431 per
973 390 1171 431 magnificos
1196 389 1355 420 dominos
1374 388 1563 429 Deputatos
1582 397 1683 429 super
1708 388 2022 419 contribucionibus

210 457 358 498 predicte
383 456 561 488 civitatis...
586 457 617 486 et
642 464 708 495 que
733 454 936 485 contributio
961 453 1105 485 decurrit
1122 461 1140 484 a
1159 453 1212 483 die
1230 450 1289 482 XX
1316 451 1442 482 mensis
1469 451 1538 482 lulii
1566 451 1718 491 proxime
1745 450 1888 491 preteriti
1916 458 2022 489 usque

209 519 251 550 ad
277 518 335 550 XX
362 519 450 550 diem
477 518 603 549 mensis
628 517 817 548 decembris
844 517 997 556 proxime
1023 515 1179 556 preteriti.

947 680 1284 722 DCCCXXII.

299 793 325 821 11
352 792 537 820 sacerdote
564 791 683 818 Pietro
709 789 853 818 Martire
879 790 1019 818 Zanotti
1046 789 1171 818 dedica
1197 798 1239 817 se
1261 793 1380 817 stesso
1406 797 1423 816 e
1450 788 1459 815 i
1485 787 1603 824 propri
1630 787 1709 815 beni
1735 787 1767 814 al
1793 786 1973 814 Convento
1993 786 2026 814 di

215 847 250 875 S.
277 845 460 881 Agostino,

873 912 1033 942 1627,
1065 912 1301 944 git1gl1o‚
1322 911 1374 936 ὃ.

732 1000 809 1025 (Aren.
826 1001 906 1021 Notat.
923 1000 944 1021 di
961 1000 1039 1021 Pavia.
1056 1012 1081 1014 —
1097 1000 1144 1021 Atti
1161 1000 1182 1020 di
1199 999 1256 1021 Gian
1272 999 1415 1020 Bernardino
1432 998 1510 1025 Ripa.

229 1147 230 1158 i

229 1161 230 1204 1
316 1186 359 1301 l
459 1203 482 1229 N
506 1200 673 1230 conventu
701 1198 807 1229 sancti
835 1197 1014 1238 Augustini
1056 1196 1196 1229 Ordinis
1238 1196 1491 1231 Heremitarum,
1534 1195 1690 1226 videlicet
1717 1195 1747 1226 in
1775 1203 1906 1226 camera
1933 1195 2033 1226 ressi-

481 1262 593 1293 dentie
620 1260 823 1301 infrascripti
851 1260 1026 1292 reverendi
1053 1260 1180 1291 domini
1208 1259 1357 1299 magistri
1385 1257 1473 1290 Petri
1489 1258 1529 1289 de
1545 1256 1792 1290 Castronovo...
1820 1257 2032 1288 Venerabilis

434 1359 446 1360 ἶ
482 1323 640 1354 dominus
666 1323 830 1363 presbiter
856 1321 975 1353 Petrus
1002 1322 1119 1353 Martir
1152 1321 1193 1352 de
1226 1321 1374 1359 Zanotis,
1412 1321 1501 1352 filius
1542 1320 1713 1360 quondam
1740 1320 1867 1351 domini
1910 1319 2033 1355 Iacobi.

214 1387 382 1418 habitator
407 1385 511 1427 Papie
539 1386 569 1416 in
597 1384 761 1416 Parochia
787 1385 894 1416 sancti
921 1384 1103 1421 Theodori,
1140 1384 1184 1415 ob
1218 1384 1422 1425 singularem
1450 1384 1664 1414 devotionem
1691 1392 1791 1423 quam
1819 1383 1891 1423 ipse
1918 1382 2033 1413 babuit

235 1451 266 1481 et
292 1449 393 1480 babet
419 1457 538 1479 versus
565 1446 688 1478 Divum
715 1446 942 1488 Augustinum
969 1455 1006 1478 ac
1032 1446 1245 1478 venerabiles
1271 1446 1429 1477 dominos
1448 1445 1595 1476 Priorem
1622 1448 1653 1477 et
1679 1445 1810 1476 Fratres
1846 1446 2034 1476 conventus

213 1511 365 1543 eiusdem
392 1511 497 1542 sancti
525 1509 738 1550 Augustini...
766 1509 900 1540 dedicat
936 1511 967 1540 et
1004 1509 1099 1540 offert
1140 1518 1176 1541 se
1217 1512 1247 1540 et
1288 1509 1399 1540 omnia
1439 1511 1471 1540 et
1512 1509 1670 1539 universa
1708 1508 1795 1539 bona
1833 1516 1894 1539 sua
1920 1508 2037 1538 immo—

215 1574 304 1611 bilia,
331 1573 395 1605 sita
433 1573 463 1603 in
503 1573 577 1603 loco
614 1574 644 1603 et
681 1571 846 1603 territorio
884 1570 1077 1603 Gambolati
1115 1571 1286 1603 Lomeline
1312 1569 1502 1603 Comitatus
1530 1570 1643 1611 Papie,
1671 1571 1701 1601 in
1729 1571 1895 1611 quotquot
1931 1570 2036 1610 peciis

217 1638 248 1667 et
274 1644 411 1666 numero
438 1635 637 1675 perticarum
664 1634 730 1665 sint
755 1636 785 1665 et
811 1634 972 1664 iaceant...
999 1635 1064 1664 tam
1093 1634 1195 1665 libera
1222 1636 1252 1665 et
1278 1634 1449 1665 allodialia
1487 1642 1586 1674 quam
1624 1633 1921 1673 emphiteoticha...
1962 1641 2035 1663 curn

216 1697 376 1729 oneribus
402 1697 554 1728 fictrrum
582 1705 646 1736 que
672 1696 883 1727 solvuntur...
910 1705 951 1727 ex
980 1696 1065 1736 ipsis
1091 1696 1191 1727 bonis
1217 1696 1499 1736 emphiteoticis...
1515 1695 1662 1726 dominis
1678 1694 1800 1726 Abbati
1817 1697 1847 1726 et
1866 1694 2038 1725 Fratribus

219 1760 412 1791 monasterii
439 1759 545 1790 sancti
572 1758 658 1790 Petri
686 1759 716 1789 in
744 1758 896 1789 Verzollo
922 1760 1016 1789 extra
1042 1760 1072 1789 et
1099 1767 1203 1798 prope
1230 1759 1339 1789 menia
1358 1757 1473 1798 Papie,
1504 1758 1535 1788 in
1566 1757 1750 1797 quantitate
1777 1757 1932 1788 librarum
1960 1758 2036 1788 octo

219 1831 293 1853 cum
319 1821 459 1852 dimidia
486 1821 741 1861 imperialium...
768 1822 799 1852 et
826 1821 885 1852 hec
911 1821 1024 1852 omnia
1049 1818 1202 1860 (dedicat
1227 1823 1258 1852 et
1284 1818 1393 1859 offert)
1420 1819 1549 1860 prefato
1583 1820 1763 1850 conventui
1791 1819 1895 1850 sancti
1924 1818 2038 1859 Augu-

219 1884 296 1915 stini
323 1886 353 1915 et
380 1883 470 1915 illius
507 1882 625 1915 Ordini
664 1883 907 1914 Heremitarum
934 1884 965 1914 et
991 1891 1111 1914 versus
1136 1883 1357 1914 reverendum
1395 1891 1488 1913 sacre
1530 1882 1698 1921 theologie
1725 1881 1952 1921 professorem
1979 1880 2038 1912 do-

220 1946 344 1975 minum
371 1946 568 1986 magistrum
595 1943 788 1977 Gabrielem
815 1945 856 1976 de
883 1944 988 1985 Papia
1026 1944 1174 1976 Priorem
1212 1945 1353 1985 predicti
1391 1943 1604 1981 Conventus,
1630 1952 1668 1975 ac
1694 1943 1914 1974 reverendum
1942 1951 2038 1974 sacre

220 2007 387 2047 theologie
414 2006 640 2046 professorem
666 2007 839 2037 dominum
867 2007 1062 2047 magistrum
1090 2006 1223 2038 Petrum
1242 2007 1283 2038 de
1301 2005 1517 2039 Castronovo
1543 2006 1710 2037 Vicarium
1739 2005 1915 2036 Provincie
1942 2005 2038 2036 Lom-

221 2068 337 2099 bardie
364 2068 441 2099 dicti
468 2067 617 2106 Ordinis,
643 2069 815 2099 dominum
842 2068 976 2100 fratrem
996 2068 1222 2109 Augustinum
1249 2069 1290 2100 de
1310 2068 1474 2105 Picitono,
1501 2068 1672 2099 dominum
1700 2067 1833 2098 fratrem
1861 2067 2036 2097 Marchum

220 2130 260 2160 de
288 2129 419 2161 Barona
445 2132 476 2161 et
500 2129 634 2161 fratrem
662 2130 893 2162 Ludovichum
928 2131 969 2162 de
1006 2130 1200 2162 Verzellis...
1238 2131 1282 2161 ibi
1321 2132 1506 2171 presentes,
1537 2130 1738 2170 stipulantes
1765 2131 1794 2160 et
1820 2130 2036 2169 acceptantes

220 2192 354 2223 nomine
392 2191 509 2231 prefati
546 2194 745 2223 conventus,
784 2191 969 2225 Reservato
1009 2194 1118 2224 tamen
1144 2195 1175 2223 et
1202 2193 1256 2232 qui
1296 2193 1481 2223 reservavit
1506 2194 1537 2222 et
1563 2194 1713 2223 reservat
1739 2191 1770 2222 in
1797 2200 1832 2222 se
1858 2193 1889 2221 et
1915 2199 1974 2230 pro
2001 2199 2036 2221 se

220 2253 463 2285 usumfructum
491 2254 654 2284 dictorum
682 2254 846 2284 bonorum
873 2256 943 2285 toto
969 2257 1118 2294 ternpore
1144 2255 1210 2285 vite
1237 2255 1379 2294 ipsius...
1407 2254 1468 2284 hoc
1495 2256 1605 2284 tamen
1642 2256 1716 2284 acto
1742 2255 1772 2284 et
1799 2255 1906 2293 pacto,
1944 2252 2035 2292 quod

220 2319 297 2357 post
324 2318 461 2347 mortem
489 2316 598 2356 ipsius
624 2316 751 2346 domini
780 2316 954 2356 presbiteri
994 2315 1080 2347 Petri
1108 2316 1267 2354 Martiris,
1309 2316 1434 2347 domini
1463 2315 1557 2346 Prior
1582 2318 1612 2347 et
1639 2315 1769 2347 Fratres
1795 2315 1934 2355 predicti
1960 2323 2039 2345 con-

220 2380 342 2410 ventus
368 2380 575 2409 teneantur...
600 2378 781 2409 cellebrare
819 2387 877 2409 seu
915 2378 1087 2409 cellebrari
1129 2378 1240 2410 facere
1277 2379 1318 2409 ad
1356 2378 1521 2418 capellam
1549 2378 1653 2409 sancti
1682 2377 1861 2418 Augustini
1888 2376 2036 2408 officium

220 2450 321 2471 unum
348 2449 366 2471 a
393 2441 533 2471 mortuis
560 2440 749 2480 sollempne
775 2441 864 2471 omni
892 2449 980 2471 anno
1006 2443 1036 2471 et
1063 2441 1201 2471 missam
1240 2449 1338 2471 unam
1377 2449 1395 2471 a
1433 2440 1573 2471 mortuis
1599 2440 1732 2481 singula
1759 2439 1950 2471 ebdomada
1977 2447 2037 2479 pro

218 2504 329 2534 anima
358 2504 466 2543 ipsius
493 2503 618 2534 domini
646 2502 822 2543 presbiteri
851 2502 938 2534 Petri
966 2503 1115 2534 Martiris
1141 2505 1172 2534 et
1199 2503 1230 2533 in
1257 2503 1491 2534 remissionem
1519 2504 1731 2542 peccatorum
1758 2510 1929 2533 suorum...
1957 2501 2034 2532 Item

219 2565 311 2605 quod
339 2574 396 2605 per
422 2568 611 2606 presentem
638 2565 844 2596 oblationem
860 2567 890 2596 et
909 2565 1156 2596 dedicationem
1184 2566 1256 2605 ipse
1282 2565 1440 2596 dominus
1466 2565 1632 2605 presbiter
1659 2564 1777 2596 Petrus
1793 2564 1910 2595 Martir
1929 2566 2038 2595 utatur

218 2627 365 2668 gaudeat
390 2630 421 2658 et
446 2627 574 2658 truatur
600 2627 728 2658 eisdem
756 2627 954 2668 privilegiis,
981 2627 1210 2667 indulgentiis,
1229 2627 1416 2658 bonoribus
1431 2630 1462 2658 et
1481 2627 1715 2667 prerogativis,
1742 2626 1867 2667 quibus
1901 2628 2037 2657 utuntur

217 2692 248 2720 et
274 2689 422 2730 gaudent
449 2689 587 2729 predicti
614 2689 741 2720 domini
770 2688 864 2720 Prior
888 2691 919 2720 et
945 2689 1075 2720 Fratres
1102 2689 1179 2720 dicti
1207 2688 1345 2721 Ordinis
1372 2690 1401 2720 in
1430 2690 1505 2729 ipso
1531 2692 1712 2726 conventu,
1732 2689 1856 2729 quibus
1874 2692 1904 2720 et
1922 2698 2035 2720 eorum

219 2751 410 2783 odedientie
437 2752 509 2791 ipse
536 2752 694 2782 dominus
721 2752 888 2792 presbiter
913 2751 1032 2783 Petrus
1060 2751 1176 2782 Martis
1202 2752 1317 2792 vigore
1344 2752 1510 2792 presentis
1543 2751 1727 2783 oblationis
1753 2753 1783 2782 et
1809 2751 2037 2782 dedicationis

219 2822 255 2845 se
281 2814 417 2845 subiicit
443 2816 474 2845 et
500 2815 588 2845 stare
614 2815 764 2845 teneatur
791 2816 889 2854 prout
914 2813 1064 2845 fecerunt
1089 2816 1119 2845 et
1145 2814 1271 2845 faciunt
1297 2823 1334 2845 ac
1361 2816 1447 2845 stare
1473 2816 1627 2845 tenentur
1659 2814 1759 2845 ceteri
1794 2813 1896 2845 oblati
1923 2815 1956 2844 et
1980 2813 2037 2844 de-

219 2875 318 2906 dicati
346 2875 435 2907 dicto
460 2876 641 2907 conventui
669 2878 699 2907 et
725 2875 855 2908 Ordini.
895 2875 972 2907 ltem
1010 2876 1102 2916 quod
1141 2876 1281 2916 predicti
1319 2876 1445 2907 domini
1473 2875 1568 2907 Prior
1592 2878 1623 2907 et
1651 2875 1782 2907 Fratres
1808 2878 1983 2907 teneantur
2007 2879 2037 2906 et

219 2937 358 2978 obligati
385 2938 451 2969 sint
476 2937 584 2969 eidem
610 2938 748 2969 domino
775 2938 962 2978 presbitero
989 2937 1087 2970 Petro
1114 2938 1241 2969 Martiri
1267 2938 1347 2969 dare
1389 2938 1634 2970 liabitacionem
1674 2939 1704 2969 in
1743 2939 1831 2970 dicto
1869 2939 2034 2969 conventu

219 3008 279 3039 pro
305 3000 373 3031 vita
399 3008 470 3031 sua.
497 2998 571 3037 Que
597 3000 709 3031 omnia
735 3002 766 3032 et
792 3000 959 3041 singula...
997 3000 1061 3031 sibi
1100 3000 1244 3031 invicem
1276 3000 1520 3040 promisserunt
1546 3002 1608 3032 etc.
1634 2999 1828 3041 Obligando
1865 3002 1925 3031 etc.
1960 2998 2037 3030 Pre-

221 3061 375 3093 sentibus
400 3063 461 3093 etc.
