2305 3407
283 175 326 207 20

282 308 374 345 talo,·
400 307 423 339 il
447 309 534 338 terzo
560 307 594 338 al
616 307 658 338 21
685 306 771 338 dello
797 307 902 338 stesso
928 313 1024 340 mese,
1051 304 1104 336 nel
1127 303 1208 344 qual
1227 304 1346 343 glomo
1370 303 1401 334 si
1420 301 1562 343 procede
1597 301 1664 333 allo
1700 303 1877 333 strumento
1902 301 1937 333 di
1962 301 2102 338 vendita,

282 370 368 401 colla
392 369 490 410 quale
515 370 526 400 i
552 368 713 401 Canonici
737 368 898 405 vendunt,
923 367 1058 399 tradunt
1083 368 1114 398 et
1141 366 1220 397 dant
1247 365 1443 397 reverendis
1481 364 1634 405 patribus
1671 364 1818 396 dominis
1851 364 2012 405 magistro
2037 362 2105 396 Ga-

283 432 388 463 brielli
415 432 456 463 de
483 430 587 472 Papia
615 430 731 468 Priori,
759 430 919 471 magistro
946 429 1083 460 Iohanni
1112 427 1322 459 Bertolameo
1349 427 1389 458 de
1417 426 1597 458 Valmacha
1625 426 1762 467 regenti,
1788 427 1948 467 magistro
1967 425 2103 458 Iohanni

283 493 494 525 Bertolameo
520 494 561 525 de
586 492 802 529 CastellaciO,
839 501 933 523 sacre
971 491 1140 531 theologie
1178 489 1443 530 professoribus,
1469 491 1500 520 et
1525 488 1615 520 tratri
1655 488 1790 520 Iohanni
1821 489 1861 519 de
1887 487 2004 526 Tritio,
2036 497 2106 519 orn—

283 557 384 588 nibus
409 557 550 588 sindicis
575 558 607 587 et
632 555 909 596 procuratoribus
935 553 1126 594 specialiter
1151 552 1344 583 constitutis
1368 551 1410 583 ad
1439 552 1509 589 hec,
1536 553 1569 582 ut
1594 552 1687 582 aiunt
1712 554 1867 583 constare
1885 551 2106 582 instrumento

285 619 393 659 ipsius
419 619 606 649 sindicatus
633 626 672 649 ac
699 625 840 658 procure
866 618 983 656 rogato
1010 615 1062 646 die
1088 616 1220 645 esterna
1247 623 1305 654 per
1331 614 1506 645 Marchum
1533 614 1573 645 de
1600 613 1710 646 Restis
1736 613 1777 645 de
1802 611 1923 645 Cereto
1941 613 2105 644 notarium

285 681 456 722 publicum
483 681 692 721 papiensem,
719 679 762 710 ibi
790 677 1016 719 presentibus,
1046 676 1301 716 stipulantibus,
1342 675 1585 716 recipientibus
1609 684 1647 707 ac
1680 675 1870 707 ementibus
1895 677 1926 706 et
1951 675 2108 715 aquiren-

285 743 375 774 tibus
401 743 535 773 nomine
561 744 591 773 et
618 742 689 772 vice
715 741 928 772 dominorum
956 738 1104 770 Fratrum
1132 738 1325 769 monasterii
1353 740 1384 769 et
1409 740 1598 769 conventus
1620 738 1724 769 sancti
1752 737 1942 778 Augustini,
1968 735 2107 769 Ordinis

287 805 530 837 Heremitarum
557 804 708 835 eiusdem
736 803 842 834 sancti
870 801 1062 842 Augustini,
1088 810 1126 832 ac
1152 799 1299 841 Capituli
1326 802 1358 832 et
1384 799 1583 832 Conventus
1610 800 1773 837 eiusdem,
1807 800 2012 830 nominative
2039 800 2108 830 iure

286 868 422 908 proprio
448 870 479 898 et
506 875 562 907 per
588 866 736 896 alodium
763 873 800 895 ac
828 865 976 901 liberam,
1002 863 1174 895 francliam
1201 865 1233 895 et
1258 863 1452 903 expeditam
1479 863 1522 894 ab
1547 863 1637 893 omni
1664 872 1763 894 onere
1789 863 1853 893 ficti
1880 864 1911 893 et
1936 862 2109 894 servitutis

287 934 347 961 etc.
374 930 510 960 domum
538 936 636 959 unam
664 930 838 965 muratam,
865 929 1021 966 cupatam
1048 929 1079 957 et
1105 925 1309 961 solariatam,
1336 934 1409 956 cum
1436 934 1574 965 canepa‚
1601 927 1684 962 orto,
1700 925 1863 956 sedimine
1889 926 1919 956 et
1945 924 2020 956 aliis
2037 924 2110 956 suis

287 992 426 1027 iuribus,
453 991 516 1021 sita
544 991 574 1021 in
602 988 768 1022 Citadella
795 988 910 1029 Papie,
948 988 1000 1019 cui
1039 988 1174 1019 coheret
1200 996 1218 1018 a
1244 987 1379 1018 duabus
1420 988 1573 1027 partibus
1611 989 1712 1018 strata
1738 989 1769 1018 et
1795 987 1838 1018 ab
1863 986 1939 1018 aliis
1975 986 2110 1018 duabus

289 1054 442 1094 partibus
468 1053 733 1092 circumquaque
761 1051 830 1082 iura
857 1050 936 1082 dicti
963 1051 1153 1082 conventus
1179 1052 1209 1081 et
1235 1047 1376 1081 ecclesie
1403 1050 1510 1081 sancti
1538 1049 1764 1090 Augustini...
1791 1048 1829 1080 Et
1855 1058 1916 1089 pro
1942 1049 2003 1080 hac
2031 1057 2111 1080 ven-

287 1116 420 1146 dicione
446 1114 579 1145 fuerunt
604 1113 753 1145 confessi
780 1110 977 1152 (Canonici)
995 1112 1156 1143 habuisse
1182 1114 1213 1143 et
1240 1112 1409 1152 recepisse
1428 1112 1470 1143 ab
1490 1112 1575 1152 ipsis
1593 1112 1779 1143 sindicis....
1807 1111 1910 1143 libras
1927 1113 2110 1142 tercentum

289 1178 505 1218 septuaginta
532 1176 768 1217 imperiales...
796 1185 856 1216 pro
883 1177 974 1216 parte
1013 1175 1193 1206 solutionis
1231 1174 1387 1205 librarum
1404 1176 1662 1205 novemcentum
1679 1173 1912 1214 imperialium,
1939 1182 2003 1213 que
2030 1175 2108 1204 sunt

288 1244 393 1271 totum
421 1240 568 1280 precium
595 1239 682 1270 dicte
707 1239 830 1269 domus
847 1235 942 1277 (l)....
971 1237 1009 1268 Et
1036 1238 1120 1268 lianc
1147 1237 1380 1268 vendicionem
1419 1236 1496 1267 dicti
1529 1236 1700 1267 domini...
1727 1234 1934 1268 Canonici....
1961 1235 2110 1267 fecerunt

288 1306 318 1334 et
344 1302 482 1339 faciunt,
510 1304 543 1333 ut
569 1302 684 1332 dicunt
709 1305 740 1332 et
766 1303 1005 1341 protestantur,
1033 1300 1062 1330 in
1091 1300 1319 1339 exequutione
1345 1302 1375 1330 et
1402 1308 1462 1339 pro
1489 1299 1733 1330 observacione
1768 1298 1953 1329 voluntatis
1978 1300 2009 1329 et
2033 1306 2113 1329 exe-

289 1365 469 1405 quucionis
496 1364 649 1405 prelibati
677 1363 950 1395 reverendissimi
988 1362 1114 1393 domini
1154 1362 1279 1393 domini
1317 1360 1605 1394 Commendatarii
1632 1363 1663 1392 et
1688 1361 1730 1392 ad
1757 1361 1855 1392 tinem
1882 1360 2112 1392 satisfaciendi

288 1430 319 1458 et
346 1427 509 1458 liberandi
537 1427 644 1466 ipsam
672 1435 690 1457 a
717 1425 873 1457 manibus
899 1425 1025 1456 domini
1054 1424 1191 1456 Leonini
1219 1424 1260 1455 de
1286 1423 1381 1455 Biliis
1407 1432 1544 1456 causam
1572 1424 1727 1455 habentis
1753 1432 1812 1455 seu
1847 1423 2069 1454 donacionem
2095 1431 2113 1454 a

295 1489 397 1530 Regia
423 1488 576 1523 Camera.
603 1489 654 1519 cui
683 1489 757 1528 ipsa
785 1488 907 1519 domus
925 1490 993 1518 erat
1019 1487 1169 1528 obligata
1195 1488 1226 1518 et
1252 1487 1464 1518 detinebatur
1490 1495 1550 1527 pro
1577 1486 1840 1517 melioramentis
1866 1485 1964 1517 factis
1990 1486 2020 1516 in
2041 1485 2115 1526 ipsa

290 1552 392 1583 domo
419 1561 477 1592 per
502 1551 676 1582 dominum
704 1550 869 1581 Badinum
896 1550 937 1580 de
963 1548 1130 1590 Caspario
1171 1549 1248 1580 olim
1287 1551 1526 1589 occupatorem
1565 1549 1674 1589 ipsius
1699 1549 1822 1580 domus
1847 1551 1879 1579 et
1903 1549 2000 1579 cuius
2025 1547 2114 1579 bona

290 1614 425 1646 fuerunt
451 1614 539 1655 regie
565 1612 706 1645 Camere
732 1613 928 1650 confiscata,
954 1615 985 1643 et
1011 1621 1070 1652 pro
1097 1612 1286 1652 reparando
1313 1614 1343 1643 et
1369 1612 1558 1642 ordinando
1593 1612 1702 1652 ipsum
1742 1611 1980 1642 monasterium
2007 1610 2113 1641 sancti

292 1676 379 1708 Petri
407 1677 438 1707 in
464 1676 548 1707 cello
574 1685 676 1707 aureo
702 1678 732 1707 et
758 1676 912 1707 similiter
936 1675 1058 1706 dictam
1085 1675 1261 1706 ecclesiam
1289 1675 1395 1706 sancti
1424 1673 1603 1715 Augustini
1622 1674 1664 1705 ad
1684 1674 1843 1704 honorem
1863 1672 2114 1713 Omnipotentis

293 1738 353 1770 Dei
380 1748 417 1770 ac
444 1740 618 1770 beatorum
644 1738 877 1779 apostolorum
905 1736 992 1769 Petri
1019 1740 1050 1768 et
1077 1736 1171 1768 Pauli
1199 1746 1236 1768 ac
1263 1737 1331 1768 divi
1360 1735 1539 1777 Augustini
1581 1736 1730 1767 doctoris
1767 1735 1974 1767 celeberrimi
2001 1737 2116 1766 sancte

293 1802 408 1833 matris
435 1801 583 1833 Ecclesie
608 1804 639 1832 et
664 1801 706 1832 ad
733 1801 887 1832 decorem
914 1800 1065 1831 eiusdem
1107 1800 1262 1837 ecclesie,
1301 1799 1426 1839 quibus
1451 1799 1546 1830 aliter
1571 1799 1749 1839 providere
1788 1807 1854 1829 non
1892 1799 2032 1838 possent
2058 1805 2117 1828 nec

294 1868 449 1904 possunt,
475 1873 549 1895 cum
576 1864 694 1894 minori
723 1863 903 1894 incomodo
929 1865 960 1894 et
987 1863 1136 1903 dampno
1163 1863 1272 1902 ipsius
1299 1862 1503 1897 monasterii,
1531 1861 1599 1892 nixi
1627 1861 1793 1892 mediante
1817 1859 2010 1891 huiusmodi
2037 1868 2118 1890 ven-

295 1927 439 1963 dicione‚
465 1929 526 1957 etc.

1037 2081 1367 2122 DCLXXIV.

386 2202 452 2230 Per
479 2201 510 2229 le
537 2201 697 2238 Reliquie
723 2201 757 2229 di
785 2201 820 2229 S.
848 2201 965 2229 David
996 2200 1152 2229 Eremita
1179 2209 1196 2228 e
1223 2200 1257 2228 di
1283 2200 1365 2228 altri
1403 2200 1501 2228 Santi
1527 2203 1689 2235 scoperte
1715 2198 1749 2226 in
1775 2198 1810 2227 S.
1838 2198 1958 2226 pietro
1984 2197 2018 2226 in
2043 2197 2116 2226 ciel

298 2255 329 2283 d'
349 2263 421 2283 oro.

954 2350 1118 2380 150-4,
1146 2349 1328 2380 lttglio
1340 2364 1353 2379 9
1381 2349 1471 2373 24.

367 2439 435 2459 <Ascli
461 2439 496 2459 del
513 2439 596 2459 Museo
613 2438 691 2460 Civico
708 2438 728 2459 di
747 2438 815 2459 Pavia
832 2450 856 2452 —
873 2438 959 2463 Regist.
977 2438 1066 2458 Provis.
1082 2444 1134 2458 ann.
1154 2438 1211 2463 1504,
1228 2437 1266 2458 iol.
1282 2438 1307 2458 47
1323 2444 1334 2458 e
1351 2437 1417 2458 Arcli.
1435 2437 1514 2457 Notar.
1532 2437 1553 2457 di
1571 2436 1640 2457 Pavin
1657 2448 1680 2449 j
1697 2436 1743 2456 Atti
1760 2436 1781 2456 di
1799 2435 1862 2461 Luigi
1883 2435 2037 2461 Gravanagoi.

547 2632 618 2665 DlV,
645 2628 698 2659 die
724 2628 766 2658 24
792 2627 874 2665 iulii,
901 2628 932 2658 in
961 2627 1124 2667 vesperis.

365 2621 507 2737 M
656 2691 855 2724 Convocato
881 2688 1067 2727 Conscilio,
1093 2692 1154 2721 etc.

657 2756 732 2787 ltern
759 2754 873 2786 audita
900 2753 1110 2794 querimonia
1137 2752 1260 2783 ibidem
1287 2750 1374 2782 facta
1400 2759 1458 2790 per
1484 2747 1697 2780 venerabiles
1716 2748 1806 2779 viros
1825 2747 1983 2778 dominos
2008 2745 2120 2779 Cano—

304 2823 399 2854 nicos
412 2795 559 2852 *abbatie
585 2819 691 2851 sancti
719 2817 806 2849 Petri
834 2818 865 2847 in
892 2815 975 2848 Celo
1002 2815 1112 2846 Aureo
1139 2813 1255 2854 Papie,
1292 2813 1445 2844 dicentes
1482 2811 1660 2851 quodliac
1694 2811 1791 2841 nocte
1824 2809 1949 2840 domini
1988 2807 2119 2840 Fratres

361 2979 391 3002 (l)
409 2978 458 3000 Con
473 2979 524 2998 atto
539 2977 575 2997 del
593 2977 615 2997 17
632 2975 723 3001 inaggio
740 2975 797 3000 1504,
814 2975 896 2999 rogato
921 2972 983 2993 dallo
1005 2974 1083 2993 stesso
1105 2971 1184 2992 notaio
1240 2975 1251 2991 e
1267 2969 1288 2990 di
1305 2975 1334 2990 un
1349 2973 1419 2990 censo
1435 2968 1456 2988 di
1472 2968 1498 2989 20
1512 2967 1572 2988 soldi
1587 2967 1678 2988 annuali
1694 2971 1734 2987 sur
1750 2972 1779 2987 un
1795 2968 1886 2987 terreno
1901 2966 1923 2986 in
1939 2964 2055 2986 Boflalora
2070 2965 2117 2985 del—

309 3023 430 3048 Canevad,
446 3022 504 3043 frate
521 3021 669 3043 Bartolomeo
684 3020 713 3041 da
729 3019 876 3041 Castellazzo
892 3023 951 3044 paga
966 3017 987 3038 ai
1003 3016 1112 3038 Canonici
1128 3015 1186 3036 altre
1241 3013 1370 3040 ronrepo.

309 3068 349 3089 inc
364 3068 403 3089 200
417 3066 538 3093 imperiali,
554 3066 656 3087 ricavate
671 3064 732 3086 dalla
748 3063 841 3085 vendita
852 3063 874 3084 di
885 3063 966 3084 alcune
978 3063 1067 3083 casette
1079 3061 1100 3082 in
1117 3060 1187 3082 Pavia
