2305 3407
1977 120 2036 152 261

226 250 328 288 atque
364 247 440 279 aliis
476 255 578 288 supra
615 247 800 287 expressis,
838 247 922 277 intra
959 255 1040 278 suas
1077 247 1299 279 coherentias.
1337 248 1386 279 Ne
1422 251 1532 280 autem
1570 258 1612 280 ex
1647 250 1734 281 dicta
1760 253 1981 284 concessione
2008 255 2042 284 ut

227 318 329 350 supra
354 309 478 341 dictum
503 311 564 347 est,
590 308 718 349 prefata
745 307 874 350 Religio
900 308 1005 339 sancti
1032 307 1212 349 Augustini
1240 312 1409 341 remaneat
1438 311 1469 341 in
1495 311 1587 342 totali
1615 311 1749 350 damno,
1776 313 1867 353 quod
1894 315 2042 354 predicte

226 371 408 403 reverende
435 372 557 402 matres
582 369 766 401 Abbatissa
803 371 834 401 et
871 369 1053 401 Monialles
1091 371 1287 410 promittunt
1312 374 1343 404 et
1369 381 1404 404 se
1430 373 1582 414 obligant
1612 373 1690 405 dare
1723 376 1927 415 supradictis
1952 386 2045 408 reve-

226 433 340 464 rendis
366 431 523 463 Patribus
548 434 578 463 et
604 431 808 462 monasterio
845 431 951 462 sancti
990 430 1182 472 Augustini,
1221 433 1294 465 loco
1320 436 1351 465 et
1377 435 1449 466 vice
1475 435 1641 466 dictorum
1684 436 1846 467 bonorum
1873 440 1903 468 et
1929 438 2046 469 hedifi-

225 495 350 526 ciorum
377 497 409 526 et
434 503 493 534 pro
519 494 608 524 omni
635 495 665 524 et
691 494 760 524 toto
785 502 825 524 eo
852 493 942 533 quod
968 493 1047 525 dicti
1076 494 1206 527 Fratres
1232 497 1264 527 et
1289 505 1403 527 eorum
1432 496 1571 537 ReligiO,
1605 498 1793 529 occaxione
1819 500 2043 539 predictarum

225 565 333 588 rerum
359 558 389 587 et
415 556 579 587 bonorum
607 556 717 595 petere
743 563 891 595 unquam
911 558 1062 595 possent,
1081 564 1245 589 summam
1265 558 1422 590 librarum
1446 559 1606 591 tredecim
1626 560 1764 591 millium
1791 563 1822 592 et
1847 564 2044 593 sexcentum

225 618 459 659 imperialium,
486 617 596 648 modis
621 620 652 649 et
677 616 793 648 formis
830 617 1064 658 infrascriptis,
1102 619 1280 652 videlicet:
1319 620 1361 653 Ut
1398 622 1471 653 loco
1497 624 1609 654 oneris
1635 624 1827 655 celebrandi
1867 625 1990 657 missas
2015 627 2047 656 et

224 680 334 712 officia
352 682 452 720 atque
470 680 637 715 annualia,
657 688 721 720 que
740 679 888 719 predicte
907 679 1089 712 Monialles
1107 683 1298 714 tenerentur
1314 683 1472 716 celebrari
1491 685 1611 723 tacere,
1631 688 1664 718 ut
1682 686 1820 718 interius
1839 687 1970 725 dicitur,
1989 688 2047 718 de-

227 743 326 774 beant
344 743 470 774 detrahi
486 751 526 773 ex
543 742 631 773 dicta
647 750 777 773 summa
797 742 848 773 bis
864 742 953 774 mille
971 745 1001 774 et
1020 746 1217 775 sexcentum
1238 745 1319 777 libre
1339 746 1547 787 imperiales;
1566 749 1607 780 de
1627 749 1762 781 residuo
1781 758 1860 780 vero
1875 750 1965 790 quod
1988 750 2048 781 erit

226 806 381 837 undecim
409 805 547 836 millium
574 805 743 843 librarum,
770 805 857 836 dicte
885 805 1065 837 Nlonialles
1091 807 1396 840 solvere'debeant
1432 810 1542 841 statim
1569 820 1607 842 ac
1634 811 1827 842 huiusmodi
1854 814 2047 844 contractus

225 877 243 899 a
268 870 384 899 sancta
411 866 497 899 Sede
525 866 723 908 Apostolica
759 867 946 907 aprobatus
982 867 1090 905 fuerit,
1117 869 1160 900 ita
1187 871 1221 900 ut
1257 870 1406 910 predicte
1444 871 1625 904 Monialles
1652 873 1729 904 dicti
1757 875 1962 912 monasterii,
1995 883 2047 905 ec-

224 930 335 967 clesie,
361 930 592 961 liedificiorum
619 931 649 961 et
676 929 839 960 bonorum
867 932 982 961 sancte
1020 930 1193 962 Mustiolle
1230 932 1367 964 liberam
1395 935 1425 965 et
1452 935 1624 974 pacificam
1652 936 1888 975 posessionem
1924 936 2046 968 habere

223 993 356 1033 possint
381 993 563 1030 actualiter,
590 993 707 1024 saltem
735 992 878 1024 bismille
906 993 1008 1024 libras
1034 993 1242 1033 imperiales,
1268 997 1299 1025 et
1325 996 1499 1027 sucessive
1536 996 1620 1027 infra
1659 1006 1759 1028 unum
1800 1006 1923 1028 annum
1952 998 2048 1029 dimi-

222 1056 314 1087 dium
341 1057 443 1087 totius
484 1064 614 1087 summe
654 1056 868 1093 remanentis,
894 1057 924 1087 et
950 1056 1090 1087 termino
1116 1055 1255 1087 alterius
1292 1057 1368 1088 anni
1408 1057 1650 1098 subsequentis
1689 1059 1814 1099 integre
1840 1062 1870 1091 et
1897 1060 2046 1100 plenarie

224 1120 326 1149 totam
353 1126 529 1155 summam,
554 1118 650 1149 cuius
677 1117 764 1148 dicte
791 1117 973 1149 Monialles
1010 1117 1132 1149 fuerint
1169 1118 1361 1156 debitrices,
1387 1121 1418 1150 et
1444 1121 1601 1159 quoniam
1641 1130 1706 1151 non
1734 1122 1817 1152 satis
1854 1122 2047 1153 condecens

224 1180 356 1211 videtur
392 1180 484 1220 quod
522 1179 671 1220 predicte
710 1179 891 1210 Monialles
928 1180 1125 1220 supradicto
1163 1181 1368 1212 monasterio
1406 1183 1520 1212 sancte
1559 1182 1732 1213 Mustiolle
1759 1185 1789 1213 et
1815 1183 1968 1223 pecuniis
2005 1183 2045 1214 de

224 1243 348 1283 quibus
374 1244 546 1274 remanent
571 1242 762 1279 debitrices,
789 1251 847 1282 per
872 1243 1018 1282 spatium
1045 1242 1187 1273 duorum
1214 1251 1377 1273 annorum
1405 1243 1643 1283 predictorum,
1666 1244 1835 1284 gaudeant
1854 1247 1883 1275 et
1903 1247 2046 1283 utantur,

225 1314 286 1336 nec
311 1306 410 1337 etiam
438 1306 615 1336 honestum
642 1306 733 1336 esset
770 1304 861 1344 quod
901 1304 1065 1344 prefatum
1105 1305 1344 1335 monasterium
1383 1306 1487 1336 sancti
1527 1305 1707 1346 Augustini
1746 1307 1776 1337 in
1803 1307 1895 1338 totali
1922 1307 2046 1338 damno

225 1370 404 1405 remaneat,
432 1367 558 1407 pretate
585 1367 766 1398 Monialles
792 1367 989 1406 promittunt
1007 1368 1038 1398 et
1057 1375 1092 1398 se
1111 1367 1262 1407 obligant
1281 1367 1412 1399 solvere
1437 1369 1572 1408 singulo
1599 1378 1687 1400 anno
1714 1369 1877 1400 dictorum
1904 1370 2045 1400 duorum

224 1439 387 1461 annorum
413 1431 445 1461 et
471 1429 609 1460 ulterius
635 1429 742 1460 donec
768 1430 799 1460 et
825 1437 1005 1468 quousque
1045 1428 1250 1459 effectualem
1277 1430 1307 1460 et
1333 1429 1493 1470 integram
1520 1430 1721 1461 solutionem
1760 1431 1862 1462 totius
1899 1431 2047 1471 predicte

223 1501 352 1523 summe
378 1491 549 1529 solverint,
576 1491 800 1522 numerabunt
836 1491 878 1521 ad
916 1491 1076 1521 rationem
1116 1490 1273 1522 librarum
1312 1492 1462 1532 quinque
1499 1501 1559 1532 pro
1598 1493 1750 1533 quolibet
1785 1494 1978 1524 centenario
2011 1493 2049 1524 li-

224 1555 356 1586 brarum
384 1555 424 1585 de
451 1554 576 1594 quibus
603 1553 822 1584 remanebunt
848 1553 1029 1585 debitrices
1055 1554 1207 1594 predicto
1234 1555 1437 1586 monasterio
1457 1556 1562 1586 sancti
1586 1555 1777 1596 Augustini,
1796 1556 1930 1597 singulo
1949 1565 2047 1593 anno,

223 1617 324 1648 libere
350 1618 381 1647 et
406 1616 495 1647 omni
524 1615 623 1646 modo
649 1617 680 1647 et
706 1618 830 1646 remota
856 1616 945 1646 omni
972 1616 1183 1656 exceptione.
1211 1616 1335 1647 Volunt
1372 1617 1470 1647 etiam
1498 1618 1691 1657 supradicte
1728 1619 1840 1658 partes
1874 1619 1964 1658 quod
1993 1627 2049 1658 pe-

224 1679 331 1716 cunie,
358 1687 422 1719 que
447 1677 620 1709 actualiter
657 1677 891 1718 persolventur
928 1687 945 1709 a
982 1678 1081 1709 dictis
1119 1678 1324 1710 monialibus
1351 1679 1489 1719 prefatis
1516 1679 1687 1711 Fratribus
1713 1681 1820 1712 sancti
1856 1680 2048 1721 Augustini,

226 1741 370 1773 debeant
397 1740 557 1780 implicari
584 1742 615 1771 et
640 1740 789 1771 converti
818 1740 848 1770 in
876 1742 922 1771 tot
961 1740 1059 1771 bonis
1096 1741 1278 1772 stabilibus
1310 1742 1353 1772 ad
1388 1742 1561 1773 utilitatem
1589 1743 1815 1782 predictorum
1844 1743 1991 1774 Fratrum
2018 1744 2049 1774 et

226 1813 341 1835 eorum
370 1803 563 1834 monasterii
590 1805 691 1843 atque
716 1803 758 1834 ad
796 1812 910 1834 eorum
948 1804 1172 1841 ellectionem,
1210 1806 1241 1835 et
1279 1805 1309 1835 in
1337 1807 1492 1836 eventum
1521 1806 1551 1836 in
1579 1815 1677 1846 quem
1706 1807 1782 1837 dicti
1812 1806 1942 1837 Fratres
1968 1808 2049 1837 tem-

224 1875 304 1906 pore
330 1866 524 1897 huiusmodi
551 1865 730 1896 solutionis
757 1875 821 1896 non
849 1866 996 1897 habeant
1023 1867 1110 1898 bona
1130 1877 1189 1908 pro
1209 1868 1423 1908 implicandis
1443 1869 1527 1909 ipsis
1553 1870 1718 1909 pecuniis,
1745 1870 1836 1909 quod
1871 1872 2047 1910 propterea

225 1928 394 1959 Moniales
420 1927 590 1967 predictas
609 1928 771 1967 pecunias
797 1928 888 1967 apud
916 1937 951 1959 se
978 1930 1119 1960 retinere
1145 1939 1210 1960 non
1238 1930 1382 1967 valeant,
1409 1931 1467 1961 sed
1495 1933 1670 1962 teneantur
1694 1941 1752 1963 eas
1778 1932 1909 1963 solvere
1935 1934 1966 1963 et
1992 1933 2049 1963 de-

224 1999 348 2030 ponere
373 1989 464 2030 apud
491 1990 579 2020 illam
607 1998 795 2029 personam,
822 1998 886 2029 que
913 1991 1073 2030 predictis
1100 1991 1270 2023 Fratribus
1290 1992 1461 2032 placuerit,
1485 1994 1586 2024 modo
1612 1994 1655 2024 sit
1681 1994 1812 2025 idonea.
1851 1994 1927 2025 ltem
1955 1995 2045 2034 quod

224 2052 307 2082 ultra
333 2052 440 2082 dictas
467 2051 570 2082 libras
597 2051 751 2081 undecim
779 2051 877 2088 mille,
904 2051 1030 2092 prefate
1056 2053 1238 2084 Monialles
1264 2055 1452 2093 suscipiant
1479 2055 1510 2085 in
1537 2064 1572 2086 se
1599 2064 1685 2086 onus
1711 2056 1870 2086 celebrari
1901 2055 2045 2087 faciendi

223 2117 385 2155 perpetuo
423 2115 453 2144 in
491 2114 578 2145 dicta
615 2114 758 2144 ecelesia
796 2116 909 2145 sancte
947 2114 1121 2146 Nlustiolle
1160 2115 1395 2155 infrascriptas
1433 2117 1555 2147 missas
1592 2117 1809 2157 quotidianas
1835 2120 1935 2157 atque
1962 2119 2046 2149 alias

223 2185 325 2216 super
349 2176 587 2212 ebdomadam,
615 2185 673 2207 nec
700 2185 763 2206 non
791 2176 894 2207 offitia
920 2178 951 2207 et
975 2177 1218 2215 anniversaria,
1256 2178 1296 2208 ad
1336 2187 1477 2218 quorum
1508 2179 1767 2210 celebrationem
1807 2180 1837 2210 in
1876 2181 2045 2220 presentia

223 2238 354 2270 Fratres
369 2240 485 2270 sancte
502 2238 685 2274 Mustiolle,
702 2240 836 2278 propter
851 2238 959 2278 legata
974 2239 1062 2270 dicte
1077 2239 1219 2271 ecclesie
1235 2241 1266 2270 et
1281 2241 1352 2271 suis
1367 2241 1508 2281 capellis
1524 2242 1646 2279 relicta,
1662 2243 1800 2283 obligati
1825 2243 2044 2282 reperiuntur.

311 2300 384 2339 Que
422 2302 524 2332 misse
561 2303 591 2332 et
628 2300 854 2332 anniversalia
892 2303 969 2332 sunt
1007 2301 1076 2338 hec,
1111 2301 1290 2333 videlicet:
1329 2302 1411 2334 Bine
1449 2304 1550 2334 misse
1576 2304 1753 2339 cotidiane,
1783 2313 1847 2335 una
1872 2305 1914 2335 ad
1941 2305 2044 2335 altare

221 2363 467 2404 gloriosissime
494 2362 641 2403 Virginis
668 2363 774 2393 Marie
799 2362 841 2393 ad
868 2364 1017 2393 sanctam
1046 2362 1229 2401 Elisabeth,
1256 2364 1319 2394 sub
1346 2364 1513 2395 vocabulo
1539 2366 1637 2396 etiam
1664 2366 1768 2396 sancti
1797 2365 1943 2403 Antonii,
1969 2375 2043 2397 cum

223 2434 288 2456 uno
314 2425 461 2463 annuali,
488 2424 591 2456 semel
619 2425 649 2455 in
676 2433 780 2462 anno;
800 2424 901 2455 altera
922 2433 1000 2455 vero
1026 2425 1068 2455 ad
1094 2425 1197 2456 altare
1224 2426 1332 2457 maius
1360 2426 1488 2457 illorum
1516 2427 1556 2458 de
1584 2426 1690 2465 Petra,
1717 2437 1790 2459 cum
1812 2437 1877 2458 uno
1896 2429 2043 2465 annuali,

221 2490 394 2528 perpetuo,
421 2488 523 2519 semel
551 2488 582 2518 in
608 2496 707 2518 anno.
734 2487 811 2518 Item
839 2489 905 2518 tres
931 2487 1015 2518 aliae
1042 2487 1143 2518 misse
1170 2487 1200 2518 in
1227 2487 1430 2526 ebdomada,
1468 2489 1625 2520 videlicet
1650 2490 1713 2520 due
1740 2490 1780 2520 ad
1808 2490 1910 2521 altare
1937 2492 2041 2522 sancti

222 2550 363 2586 Nicolai,
390 2559 463 2581 cum
490 2549 626 2581 annuali
653 2549 755 2581 semel
783 2550 813 2580 in
840 2558 949 2587 anno;
987 2549 1051 2580 alia
1089 2559 1168 2581 vero
1206 2550 1236 2580 in
1275 2550 1351 2581 aliis
1387 2550 1551 2582 altaribus
1584 2552 1732 2591 predicte
1758 2552 1900 2583 ecclesie
1927 2556 2041 2584 sancte

221 2612 394 2644 Mustiolle
421 2613 583 2650 vicissim,
609 2614 640 2643 et
665 2612 730 2643 alia
756 2612 988 2643 anniversaria
1028 2614 1169 2652 septem,
1207 2612 1247 2643 de
1286 2613 1400 2644 missis
1438 2613 1630 2653 quindecim
1657 2615 1687 2645 in
1715 2623 1814 2653 anno,
1848 2618 2040 2656 computata

220 2677 330 2706 tamen
357 2675 387 2706 in
414 2676 463 2706 eis
490 2675 593 2706 missa
619 2675 650 2705 in
676 2676 786 2711 cantu,
813 2674 981 2711 videlicet,
1001 2683 1060 2714 pro
1086 2683 1187 2706 onere
1213 2675 1328 2706 relicto
1354 2684 1371 2706 a
1398 2675 1536 2706 domino
1563 2675 1605 2707 lo.
1633 2676 1740 2707 Maria
1767 2677 1808 2708 de
1831 2677 2040 2718 Mangiariis,

219 2739 251 2768 et
276 2738 544 2769 anniversarium
571 2746 672 2768 unum
700 2746 760 2777 pro
785 2737 921 2768 domina
948 2736 1093 2768 Iobanna
1120 2737 1160 2768 de
1186 2735 1337 2775 SalernO,
1363 2739 1394 2768 et
1417 2747 1517 2768 unum
1537 2738 1805 2770 anniversarium
1825 2748 1884 2780 pro
1903 2740 2039 2771 domino

221 2799 415 2831 Hieronimo
440 2800 482 2831 de
508 2799 668 2837 Malletis‚
694 2801 726 2831 et
750 2799 841 2830 aliud
860 2799 902 2830 ad
922 2798 1085 2838 capellam
1112 2797 1287 2836 Crucifixi,
1314 2808 1373 2830 nec
1400 2809 1464 2830 non
1492 2808 1552 2831 sex
1578 2800 1643 2831 alia
1669 2800 1782 2832 officia
1808 2802 2037 2833 anniversaria

220 2871 280 2903 pro
305 2863 462 2894 omnibus
487 2862 563 2894 aliis
589 2861 873 2898 benefactoribus,
899 2870 964 2901 que
989 2861 1215 2892 anniversalia
1240 2862 1352 2892 omnia
1389 2863 1577 2894 ascendunt
1602 2863 1643 2894 ad
1670 2871 1833 2894 summam
1861 2865 1973 2895 decem
2007 2866 2037 2895 et

220 2933 340 2956 novem
367 2925 549 2962 annuatim,
575 2926 607 2955 et
632 2924 695 2955 hoc
721 2923 785 2955 sub
812 2932 898 2964 pena
923 2923 1073 2954 omnium
1110 2923 1320 2961 damnorum,
1357 2932 1584 2964 expensarum
1611 2927 1643 2956 et
1669 2925 1841 2963 interesse,
1867 2935 1932 2965 que
1962 2935 2038 2966 pre-

218 2985 321 3018 fatum
348 2987 587 3018 monasterium
613 2987 721 3018 sancti
748 2985 928 3026 Augustini
955 2985 1091 3017 sufferre
1117 2988 1245 3025 posset.
1271 2985 1394 3017 Volunt
1419 2987 1527 3017 tamen
1553 2987 1640 3018 dicte
1667 2988 1779 3027 partes
1798 2987 1887 3027 quod
1915 2987 1942 3019 si
1969 2988 2036 3019 ullo
