2305 3407
1042 296 1404 338 CMXXXIV.

399 407 427 436 11
452 407 614 444 Capitolo
639 407 674 435 di
701 407 734 438 S,
761 406 930 435 Mostiola
956 414 1122 442 compera
1146 410 1239 434 terre
1265 405 1299 433 in
1325 405 1528 441 Cilavegna.

981 527 1137 558 1663,
1168 534 1246 558 ap
1253 527 1370 558 rue,
1402 527 1462 552 11.

886 616 964 639 (Arch.
981 615 1062 636 Notar.
1079 615 1101 636 di
1118 614 1196 636 Pavia.
1212 625 1238 628 -
1253 614 1302 635 Atli
1318 614 1340 635 di
1357 614 1448 636 Ubaldo
1465 614 1566 637 Porzio).

383 801 505 917 N
561 821 604 847 Ει,
628 816 789 846 convento
814 813 849 845 di
872 812 905 846 S.
930 813 1099 850 Mostiola,
1125 812 1309 844 Francesco
1334 811 1458 853 Rumpi
1481 812 1516 844 di
1538 812 1673 844 Paroria
1698 812 1889 851 Lomellina‚
1910 821 1972 853 per
1985 812 2042 844 Ii're
2057 812 2133 851 300,

584 876 685 908 vende
710 875 744 907 αΙ
768 875 955 906 reverendo
992 883 1086 906 sacre
1124 875 1295 915 theologie
1334 874 1521 915 professori
1558 875 1697 906 domino
1722 875 1813 906 fratri
1840 873 2067 907 Constantino
2092 875 2134 906 de

584 938 684 970 lanua
711 938 812 978 priori
840 938 1034 969 monasterii
1061 940 1177 969 sancte
1197 937 1358 969 Mustiole
1379 936 1516 978 Papie...
1535 938 1721 969 reverendo
1739 937 1878 969 domino
1903 937 1993 969 fratri
2021 936 2136 970 Roclio

317 1001 358 1032 de
383 999 585 1033 Camairana
611 1001 777 1032 sindico..
804 1002 835 1032 et
861 1000 951 1031 fratri
979 1000 1065 1031 Luce
1091 1000 1131 1031 de
1159 999 1275 1040 Papia,
1301 1000 1461 1031 omnibus
1485 999 1646 1032 fratribus
1671 999 1836 1040 professis
1862 1000 2001 1040 predicti
2021 1008 2138 1031 mona-

316 1064 419 1101 sterii,
446 1063 508 1094 dne
533 1063 787 1104 appezzamenti
810 1063 845 1094 ali
868 1065 991 1094 terreno
1017 1063 1048 1094 in
1076 1061 1261 1102 Cilczvegna
1287 1062 1559 1094 deIl’estensIone
1584 1062 1619 1094 di
1637 1062 1782 1103 pertiche
1805 1062 1859 1100 31,
1886 1061 1943 1093 che
1960 1070 2042 1093 sono
2060 1061 2137 1093 date

317 1125 349 1156 in
374 1125 565 1156 investitura
591 1124 625 1156 al
650 1124 814 1156 venditore
835 1133 897 1165 per
918 1124 941 1156 il
965 1133 1063 1156 censo
1089 1133 1199 1155 annuo
1224 1124 1259 1155 cii
1282 1124 1339 1156 lire
1365 1124 1528 1165 imperiali
1551 1124 1603 1155 21.

1056 1280 1390 1321 CMXXXV.

408 1389 436 1417 11
462 1389 625 1426 Capitolo
651 1389 686 1418 di
713 1390 748 1418 S.
776 1389 949 1426 Agostino
975 1389 1159 1418 autorizza
1176 1389 1210 1417 la
1228 1389 1374 1418 vendita
1400 1389 1434 1417 di
1458 1397 1503 1417 un
1527 1392 1668 1417 terreno
1693 1397 1734 1417 su
1760 1388 1814 1417 cui
1838 1397 1946 1424 grava
1970 1397 2015 1417 un
2033 1396 2141 1418 censo

320 1452 340 1471 a
364 1443 504 1480 proprio
531 1443 664 1472 favore.

993 1539 1155 1569 1363,
1187 1538 1392 1570 ltnglio,
1424 1537 1477 1563 8.

888 1627 956 1647 Aren.
973 1627 1053 1647 Notar.
1070 1627 1092 1647 di
1110 1626 1179 1647 Pavia
1195 1638 1219 1640 —
1235 1626 1283 1647 Atti
1300 1626 1321 1647 di
1338 1626 1429 1647 Matteo
1447 1625 1591 1650 Cellanova).

396 1811 519 1927 N
574 1829 616 1855 Ει,
640 1827 798 1856 convento
824 1825 859 1856 dl
882 1823 915 1857 S.
941 1824 1115 1864 Agosnno,
1141 1827 1172 1856 et
1198 1825 1229 1855 in
1257 1825 1332 1856 loco
1359 1825 1416 1856 ubi
1443 1826 1493 1856 est
1519 1824 1618 1856 archa
1645 1832 1831 1855 marmorea
1857 1823 1926 1854 divi
1953 1822 2146 1864 Augustini,

595 1887 742 1918 adunato
768 1887 791 1919 il
815 1887 967 1928 capitolo,
995 1888 1035 1919 de
1062 1887 1222 1919 mandato
1249 1886 1422 1919 reverendi
1449 1886 1555 1926 patris
1573 1885 1700 1916 domini
1720 1885 1871 1925 magistri
1887 1884 1993 1916 Marci
2013 1884 2054 1916 de
2073 1883 2149 1916 Pla-

542 1984 551 1985 ἶ
595 1950 737 1980 centia...
765 1948 903 1987 Prioris,
928 1949 982 1981 nel
1004 1949 1085 1989 qual
1109 1949 1253 1989 capitolo
1278 1958 1377 1980 erario
1404 1957 1463 1980 con
1489 1948 1536 1979 lui
1559 1947 1659 1979 frater
1685 1956 1806 1988 regens
1832 1946 1872 1978 D.
1899 1947 2058 1987 magister
2084 1946 2147 1980 Ra-

327 2012 425 2052 phael
453 2012 493 2043 de
520 2010 648 2050 Padua,
673 2011 773 2043 frater
800 2012 959 2052 magister
986 2011 1188 2043 Fortunatus
1213 2011 1255 2043 de
1281 2011 1426 2049 Cerano,
1463 2010 1565 2042 frater
1591 2010 1802 2042 baccalarius
1839 2008 1879 2041 D.
1906 2009 2006 2041 frater
2030 2008 2149 2041 Petrus

326 2074 368 2105 de
394 2073 576 2111 Placentia,
603 2076 698 2114 pater
723 2073 882 2114 subprior
906 2073 1007 2105 frater
1032 2072 1156 2105 Orfeus
1173 2074 1214 2105 de
1233 2073 1405 2112 Vercellis,
1420 2073 1523 2104 frater
1538 2072 1706 2104 Antonius
1721 2072 1761 2103 de
1776 2070 1950 2112 (impello,
1975 2071 2076 2103 frater
2093 2071 2151 2103 Ni-

326 2136 444 2167 colaus
470 2136 511 2167 de
539 2135 651 2173 Lenta,
678 2135 778 2167 frater
805 2135 949 2167 lacobus
986 2136 1027 2167 de
1065 2138 1183 2167 sancto
1220 2135 1375 2173 Nazario,
1412 2135 1514 2166 frater
1551 2133 1704 2165 Andreas
1731 2134 1771 2166 de
1806 2133 1954 2165 Filizano
1991 2134 2151 2175 magister

325 2198 440 2235 studii,
466 2198 566 2229 frater
592 2197 783 2229 Antoninus
810 2197 997 2235 larinensis,
1024 2198 1124 2229 frater
1150 2197 1335 2229 leronimus
1361 2199 1402 2229 de
1430 2197 1578 2234 Masino,
1604 2196 1703 2228 frater
1730 2196 1941 2237 Augustinus
1967 2196 2008 2228 de
2034 2194 2150 2237 Papia,

328 2260 427 2291 frater
454 2259 496 2291 10.
525 2260 632 2291 Maria
659 2260 700 2291 de
728 2260 870 2297 Verona,
898 2260 998 2291 frater
1024 2259 1192 2291 Pacificus
1230 2262 1382 2297 venetus,
1424 2259 1525 2291 frater
1550 2259 1764 2300 Augustinus
1789 2258 2027 2296 Vercellensis‚
2052 2257 2152 2290 frater

327 2321 474 2354 Sanctus
502 2324 542 2353 de
569 2322 699 2360 Massa,
736 2322 836 2354 frater
874 2322 1040 2354 lohannes
1077 2323 1118 2354 de
1156 2321 1360 2354 Sartirana...
1398 2322 1561 2353 facientes
1587 2321 1656 2353 fere
1682 2323 1787 2353 totum
1813 2324 1844 2352 et
1871 2322 2035 2361 integrum
2062 2321 2153 2361 capi-

328 2384 444 2419 tulum,
471 2385 500 2416 si
524 2384 666 2415 acconia
703 2384 772 2415 alla
808 2384 917 2416 nobile
942 2384 1128 2416 Elisabettn
1154 2385 1194 2416 de
1226 2385 1336 2424 VegiiS
1360 2384 1395 2415 cii
1420 2384 1556 2415 vendere
1580 2384 1615 2414 al
1639 2383 1807 2414 marc-hese
1846 2383 2010 2414 Lodovico
2036 2382 2150 2414 Palla-

328 2447 425 2477 1¹1'ct'rzt’
451 2447 600 2478 sedimen
630 2456 730 2477 unum
758 2447 957 2487 perticarum
996 2447 1093 2477 trium
1131 2456 1205 2477 cum
1240 2447 1350 2478 cassis
1387 2446 1523 2477 duobus
1550 2446 1705 2477 domus...
1733 2446 1764 2476 in
1792 2446 1865 2477 loco
1899 2445 2086 2482 Iuvenzani,
2111 2453 2150 2476 su

328 2509 381 2539 cni
402 2517 509 2547 grava
535 2517 577 2539 un
603 2517 701 2539 censo
729 2517 818 2540 verso
844 2509 868 2540 ιἸ
891 2506 1129 2547 c0t11›ent0(l).

385 2675 415 2697 (ls
432 2674 456 2694 Αἰ
473 2674 485 2694 2
500 2674 570 2699 lnglio
588 2674 638 2695 1553
653 2674 768 2694 iroviaino
784 2673 817 2694 fra
832 2673 862 2699 gli
878 2673 1018 2694 attidiCiinn
1030 2673 1153 2694 Gerolanio
1165 2673 1214 2694 Cle·
1323 2667 1340 2694 Ε
1354 2673 1427 2694 anclic
1443 2673 1471 2694 da
1488 2675 1569 2694 notare
1584 2674 1625 2694 che
1640 2674 1660 2694 ai
1679 2674 1702 2695 13
1717 2674 1811 2695 ottobre
1829 2674 1917 2699 1553‚lu
1927 2674 1956 2695 da
1965 2674 2060 2701 Giorgio
2070 2674 2148 2701 Giorgi

332 2718 371 2739 rici
388 2719 401 2738 il
418 2720 561 2739 testamento
577 2718 636 2738 della
652 2718 728 2738 nobile
744 2718 830 2744 Angeia
841 2718 1042 2741 Fornaria-cdova
1051 2717 1072 2738 di
1083 2717 1213 2738 Cristoforo
1269 2717 1362 2738 redatto
1378 2718 1391 2738 il
1409 2719 1551 2738 testamento
1567 2717 1603 2738 del
1620 2718 1697 2738 nobile
1713 2718 1794 2739 Formo
1810 2717 1903 2743 Strada,
1919 2718 1955 2739 dcl
1971 2718 1994 2740 fn
2010 2718 2149 2743 Cristoforo.

333 2762 479 2787 Strada,1:cl
497 2763 565 2787 quale
587 2763 733 2787 sepulturam
755 2768 821 2782 suani
844 2762 921 2787 cllcgit
938 2764 960 2782 et
981 2762 1053 2787 elligit
1076 2762 1097 2782 in
1117 2762 1215 2782 ccclesia

334 2807 468 2827 monasterii
491 2807 566 2827 sancti
589 2806 712 2831 Augustini
730 2806 801 2831 Papio
827 2806 920 2827 Ordinis
937 2806 1090 2827 Ercinitaruni
1106 2808 1128 2826 ct
1143 2806 1164 2826 in
1181 2811 1215 2826 sc-

334 2851 415 2877 pulcro
431 2851 543 2871 nobilium
566 2851 594 2872 de
617 2850 704 2876 Strata,
720 2851 741 2871 in
758 2856 805 2877 quo
827 2851 945 2876 sepultum
962 2852 997 2871 cst
1013 2851 1113 2871 cadaver
1129 2849 1212 2876 prefati

334 2895 452 2921 quondam
469 2896 554 2916 domini
571 2895 708 2917 christofori
725 2896 775 2916 cius
791 2895 875 2921 mariti,
890 2895 919 2916 ad
935 2900 1005 2921 quain
1021 2896 1043 2916 et
1059 2895 1080 2915 in
1096 2895 1159 2915 dicto
1171 2900 1217 2915 nio-

333 2941 454 2965 nuincnto,
477 2940 675 2966 quandocumque
697 2940 837 2965 contingerit
862 2940 948 2961 dictam
964 2940 1109 2961 testatriceni
1125 2940 1155 2960 ab
1171 2940 1213 2960 lioc

333 2984 413 3005 seculo
429 2984 545 3010 emigrari,
561 2984 661 3006 cadaver
677 2990 745 3006 suurn
761 2984 845 3005 deferri
862 2984 963 3005 ordinat.

1271 2762 1306 2782 nel
1323 2762 1391 2787 quale
1407 2762 1425 2782 si
1442 2762 1549 2788 disponer
1563 2762 1627 2788 quod
1652 2762 1747 2787 quando
1769 2763 1873 2784 evenerit
1892 2768 1962 2784 casus
1978 2763 2060 2784 mortis
2075 2763 2150 2789 ipsius

1270 2806 1356 2826 domini
1373 2806 1503 2831 testatoris,
1529 2806 1592 2832 qiiod
1615 2811 1702 2832 corpus
1727 2812 1794 2827 suuni
1818 2807 1946 2832 sepeliatur
1961 2807 1983 2828 in
1999 2809 2149 2828 monumento

1268 2850 1387 2871 nobilliiun
1404 2850 1432 2871 de
1447 2850 1526 2871 Strata
1542 2850 1563 2871 in
1579 2851 1678 2872 ecclesia
1693 2851 1767 2872 sancti
1783 2851 1907 2877 Augustini
1920 2851 1999 2877 Papio,
2015 2853 2037 2872 ct
2053 2852 2103 2873 eins
2113 2852 2151 2872 he-

1272 2894 1339 2915 redes
1355 2896 1478 2915 tencantur
1493 2895 1522 2915 ad
1538 2895 1648 2916 celebrari
1665 2894 1794 2916 faciendum
1807 2901 1849 2921 pro
1860 2901 1905 2916 una
1917 2896 1966 2917 vice
1977 2896 2061 2917 missas
2075 2895 2149 2917 sancti

1269 2938 1373 2965 Gregorii
1390 2939 1410 2959 in
1427 2939 1478 2965 ipsa
1494 2939 1600 2960 ecclesia*
