2305 3407
269 148 335 181 206

268 283 387 314 stincte
412 291 486 314 cum
511 282 723 314 convenienti
752 290 859 322 pausa
885 281 917 312 in
944 281 1055 312 medio
1082 281 1238 312 versiculi
1276 281 1349 312 sine
1385 280 1494 312 caude
1536 281 1761 321 protractione
1798 283 1830 312 et
1867 280 1987 311 melius
2013 288 2081 320 quo

267 345 335 376 fieri
364 347 485 385 potest,
511 344 701 376 celebretur
726 343 825 375 simul
854 343 1059 383 incipiendo,
1086 343 1265 379 pausando
1290 345 1321 374 et
1347 343 1570 374 terminando

355 406 432 438 Item
459 406 550 446 quod
577 406 753 446 processio
778 414 844 445 que
870 414 1004 445 semper
1028 405 1201 436 annuatim
1229 405 1336 445 primo
1362 405 1415 436 die
1442 405 1518 436 lune
1544 407 1619 436 ante
1647 404 1890 436 Ascensionem
1909 405 1978 435 fieri
1998 404 2083 436 solet

266 478 323 509 per
348 469 506 500 dominos
546 471 702 500 cantores
742 468 932 508 recipiatur,
970 476 1113 507 quorum
1139 467 1221 498 alter
1247 475 1304 507 per
1331 467 1543 499 venerabiles
1568 466 1772 504 Canonicos,
1813 467 1894 498 alter
1920 476 1999 498 vero
2025 475 2082 507 per

266 531 360 571 ipsos
387 530 517 562 Fratres
545 530 780 562 Heremitanos
817 530 1008 570 deputetur,
1049 529 1147 560 etiam
1186 529 1366 569 deputetur
1404 538 1490 560 unus
1527 530 1670 561 acolitus
1697 539 1756 570 pro
1782 529 1931 569 qualibet
1969 531 2082 569 parte;

263 593 416 633 elargitio
442 602 522 624 vero
548 602 612 633 que
639 593 790 624 sacristie
816 591 1005 631 episcopali
1032 591 1101 622 fieri
1129 590 1226 629 solet,
1253 591 1293 622 de
1319 592 1453 622 comuni
1480 591 1537 622 fiat
1563 592 1728 632 portione.

351 654 428 686 Item
455 655 538 685 ordo
565 654 677 685 tabule
703 653 886 685 calendarii
914 653 1077 684 hactenus
1102 653 1307 684 observatus
1340 653 1477 684 omnino
1502 655 1533 684 et
1560 654 1799 685 inviolabiliter
1824 654 2023 685 observetur
2049 653 2080 684 in

263 716 420 754 futurum,
446 721 477 748 et
504 718 576 757 ipsa
603 716 716 747 tabula
743 724 878 756 semper
904 715 1009 746 illesa.
1037 714 1163 746 Addito
1190 718 1299 746 tamen
1326 715 1418 755 quod
1445 715 1486 746 de
1513 713 1645 747 Sanctis
1672 716 1702 747 in
1730 716 1877 756 propriis
1895 715 2059 747 altaribus

261 788 403 819 quorum
431 779 514 810 festa
542 779 624 809 inter
650 781 827 818 utrumque
854 777 985 809 Pascha
1012 777 1233 815 celebrantur,
1260 777 1336 817 ipso
1362 777 1414 808 die
1442 778 1472 808 in
1499 786 1567 817 quo
1593 777 1790 809 solemnitas
1809 778 1882 818 ipsa
1901 777 2081 809 occurrerit

260 841 326 878 fiat,
353 842 379 872 si
405 841 581 872 commode
608 841 674 872 fieri
702 842 824 881 potest,
850 842 880 871 et
906 849 970 871 non
986 839 1206 871 transferatur
1232 842 1309 880 post
1335 840 1586 880 penthecostem
1613 841 1691 880 quia
1717 840 1918 871 alleluiatica
1944 842 2022 871 sunt
2047 842 2078 870 et

265 904 448 943 paschalia.

350 965 427 996 Item
454 966 484 996 in
511 965 753 996 festivitatibus
779 967 969 996 sanctarum
995 962 1175 996 Catherine
1193 966 1223 995 et
1243 965 1358 995 matris
1384 964 1519 996 Monice
1538 965 1617 996 nihil
1639 965 1810 1005 proprium
1828 965 1958 996 dicatur
1973 968 2082 1005 preter

261 1028 432 1059 antifonas
457 1028 499 1059 ad
525 1027 724 1067 Mugtitsicut
748 1030 779 1058 et
805 1027 1003 1059 Benedictus
1044 1036 1118 1058 cum
1161 1027 1324 1065 oratione,
1349 1036 1387 1058 ac
1413 1027 1587 1065 lectiones,
1629 1030 1737 1058 cetera
1777 1028 1889 1058 onmia
1927 1027 1967 1058 de
1994 1036 2083 1059 coni-

262 1091 350 1121 muni
379 1091 468 1128 fiant,
495 1092 525 1122 et
550 1091 649 1122 etiam
677 1090 840 1121 lectiones
866 1090 974 1130 ipsius
1000 1093 1114 1120 sancte
1141 1090 1256 1120 matris
1282 1089 1417 1120 Monice
1443 1089 1523 1120 fiant
1549 1090 1589 1120 de
1615 1090 1793 1120 communi.

350 1153 381 1184 ln
409 1153 495 1185 festo
522 1152 554 1185 S.
581 1152 716 1184 Antonii
744 1152 887 1183 Abbatis
907 1152 1068 1183 lectiones
1095 1152 1148 1182 ille
1175 1151 1337 1191 legantur,
1356 1160 1420 1191 que
1440 1152 1620 1192 incipiunt:
1640 1151 1741 1191 Igitur
1759 1155 1897 1183 sanctus
1913 1150 2082 1183 Antonius

260 1216 368 1247 abbas
395 1216 567 1247 nobilibus
593 1218 687 1246 ortus
713 1218 787 1251 etc.,
814 1218 922 1246 cetera
949 1223 1029 1245 vero
1055 1214 1096 1245 de
1122 1214 1302 1245 communi.

349 1278 380 1309 ln
407 1278 494 1309 testo
520 1279 625 1309 sancti
653 1277 783 1309 Nicolai
810 1277 852 1308 de
878 1277 1055 1308 Tolentino
1081 1277 1193 1307 onmia
1220 1276 1374 1307 dicantur
1399 1276 1440 1307 de
1467 1277 1636 1307 connnuni
1663 1279 1772 1316 preter
1798 1277 1996 1314 orationem,
2022 1285 2081 1308 an-

258 1341 384 1372 tifonas
410 1341 451 1372 ad
478 1340 679 1381 ilfugiiiji'cut
702 1342 733 1371 et
759 1340 966 1375 Benedictus,
994 1342 1025 1370 et
1052 1340 1115 1380 ipsi
1143 1339 1356 1370 venerabiles
1382 1337 1547 1370 Canonici
1585 1340 1760 1369 teneantur
1786 1339 1948 1370 interesse
1982 1339 2083 1370 bene-

260 1404 396 1435 dictioni
425 1404 522 1444 panis
549 1413 613 1444 que
639 1404 680 1434 de
708 1412 798 1434 more
825 1403 901 1443 ipso
928 1403 980 1433 die
1007 1403 1052 1440 tit,
1078 1404 1109 1433 et
1135 1411 1193 1442 per
1229 1404 1384 1432 octavam
1425 1401 1578 1432 eiusdem
1616 1401 1672 1431 fiat
1699 1401 1851 1440 quotidie
1876 1410 2080 1432 commemo-

260 1467 342 1497 ratio
369 1467 488 1506 ipsius‚
517 1466 546 1496 in
574 1466 627 1496 die
654 1474 733 1496 vero
759 1467 878 1496 octave
904 1465 960 1496 fiat
987 1465 1073 1495 idem
1101 1464 1244 1495 offitium
1272 1463 1363 1504 quod
1391 1464 1422 1494 in
1450 1463 1514 1494 die.

349 1528 379 1559 ln
407 1528 651 1560 festivitatibus
677 1527 783 1558 sancti
827 1526 921 1557 Pauli
964 1527 1060 1566 primi
1104 1527 1274 1564 heremite,
1316 1525 1498 1563 Guilielmi,
1525 1525 1686 1557 Bernardi
1724 1526 1877 1556 canonici
1905 1526 2080 1566 regularis,

260 1591 434 1628 Fridriani,
463 1590 584 1622 Ubaldi
611 1599 649 1621 ac
676 1588 887 1629 Simpliciani
914 1590 1026 1620 onmia
1053 1589 1094 1620 de
1120 1589 1288 1620 communi
1316 1589 1469 1619 dicantur
1495 1590 1603 1628 preter
1628 1588 1825 1619 orationem⁴

347 1653 379 1684 ln
406 1653 644 1693 solempnitate
671 1652 902 1683 sacratissima
929 1652 1036 1683 sancti
1064 1652 1169 1692 patris
1196 1651 1376 1692 Augustini
1413 1651 1544 1682 dicatur
1580 1653 1685 1682 totum
1727 1650 1868 1682 offitium
1896 1651 2080 1691 proprium.

346 1715 431 1747 Infra
458 1718 613 1746 octavam
641 1724 720 1746 vero
747 1715 901 1756 legantur
938 1714 1100 1746 lectiones
1139 1716 1237 1754 prout
1278 1714 1443 1745 habentur
1470 1714 1501 1744 in
1529 1713 1696 1744 breviario
1722 1714 1890 1744 communi
1919 1714 1950 1744 in
1977 1714 2081 1745 choro

258 1788 345 1809 nunc
371 1778 541 1815 existenti,
579 1788 644 1818 que
678 1778 866 1818 incipiunt:
893 1777 1005 1817 Atque
1032 1777 1075 1808 ita
1101 1777 1254 1808 edoctus.
1282 1776 1389 1808 Etiam
1416 1776 1502 1807 infra
1528 1778 1682 1807 octavam
1709 1776 1839 1807 dicatur
1865 1784 1998 1816 semper
2023 1784 2083 1807 an-

256 1840 361 1872 tifona
388 1841 429 1871 ad
456 1839 674 1879 iltagni‘ficat:
701 1839 809 1871 Hodie
835 1840 1007 1880 gloriosus
1025 1841 1129 1879 pater.
1149 1838 1181 1870 ln
1202 1839 1318 1879 primis
1337 1838 1495 1879 vesperis
1513 1840 1633 1869 octave
1652 1837 1819 1869 antifona:
1840 1837 1920 1869 Post
1939 1840 2077 1869 mortem

257 1904 382 1935 matris.
409 1902 436 1934 A
463 1903 607 1934 sabbato
633 1905 751 1933 sancto
778 1911 886 1942 usque
912 1902 954 1933 ad
980 1902 1214 1933 ascensionem
1242 1903 1318 1941 post
1345 1901 1445 1932 horas
1470 1901 1652 1932 canonicas
1691 1901 1821 1931 dicatur
1861 1909 1994 1940 semper
2018 1900 2083 1934 Re-

254 1967 336 2006 gina
362 1966 423 1997 celi
447 1965 546 1996 letare
571 1965 706 1996 alleluiu
732 1965 855 1996 stando
880 1965 924 1995 ob
950 1964 1119 1995 dominice
1147 1963 1414 1997 Resurrectionis
1441 1963 1589 1994 letitiam.

347 2027 378 2058 ln
406 2027 682 2058 solemnitatibus
707 2030 900 2058 sanctorum
928 2027 1064 2067 propria
1090 2026 1208 2057 altaria
1235 2025 1440 2063 habentium,
1467 2034 1541 2056 cuin
1569 2026 1672 2056 missa
1703 2025 1790 2065 ipsis
1815 2025 1979 2056 altaribus
2004 2033 2082 2056 can-

258 2093 354 2127 tatur,
379 2090 510 2121 dicatur
536 2088 650 2121 Credo.
679 2089 716 2120 Et
744 2090 786 2120 ita
814 2089 944 2120 dicatur
970 2090 1000 2120 in
1028 2089 1373 2120 comemorationibus
1401 2088 1488 2119 beati
1516 2088 1621 2128 patris
1637 2087 1828 2128 Augustini,
1855 2096 1919 2127 que
1945 2087 2080 2127 singulo

259 2161 373 2183 mense
399 2152 467 2183 fieri
495 2152 614 2183 solent.
657 2151 688 2182 ln
730 2151 838 2183 offitio
880 2161 959 2183 vero
1001 2151 1042 2182 ad
1080 2150 1281 2190 Mngtzrficat
1317 2151 1347 2181 in
1386 2151 1538 2190 utrisque
1579 2151 1734 2190 vesperis
1761 2150 1892 2181 dicatur
1931 2149 2083 2181 antifona

258 2214 374 2246 l'resul
401 2215 627 2251 sanctissime,
653 2217 683 2245 et
709 2214 751 2245 ad
778 2214 977 2245 Benedictus
1013 2212 1132 2245 Canon
1160 2214 1226 2244 vite
1264 2213 1437 2250 canonice,
1463 2215 1492 2244 et
1519 2213 1705 2244 eedenmiet
1742 2211 1892 2243 antifone
1929 2212 2083 2243 dicantur

258 2278 290 2308 in
316 2277 662 2308 comemorationibus
690 2286 754 2316 que
780 2277 932 2317 quotidie
960 2277 990 2307 in
1017 2276 1125 2307 offitio
1151 2275 1257 2307 feriali
1285 2276 1354 2306 t'ieri
1382 2275 1501 2306 solent.

326 2338 407 2369 l’ost
434 2339 692 2379 completorium
720 2339 875 2379 aspersio
901 2347 988 2378 aque
1015 2338 1191 2369 benedicte
1217 2338 1273 2368 t'iat
1298 2347 1316 2369 a
1343 2338 1458 2368 maiori
1487 2338 1518 2368 in
1545 2337 1649 2368 choro
1667 2337 1844 2374 existente,
1871 2337 1902 2367 in
1928 2336 2082 2368 absentia

259 2410 338 2432 vero
365 2402 578 2441 superiorum
606 2403 636 2432 et
664 2401 771 2432 locum
799 2402 982 2432 tenentium
1010 2401 1065 2432 fiat
1090 2410 1107 2431 a
1136 2401 1268 2432 seniore
1306 2401 1337 2431 in
1376 2400 1619 2431 ebdomadaria
1645 2400 1748 2437 chori,
1775 2399 1839 2430 sub
1867 2399 1919 2430 his
1945 2399 2080 2430 verbis:

260 2463 443 2494 Benedicat
469 2466 499 2493 et
525 2464 694 2494 custodiat
721 2472 783 2494 nos
809 2464 1025 2503 omnipotens
1051 2466 1111 2494 etc.

350 2525 381 2556 ln
408 2526 605 2556 adoratione
631 2528 747 2557 sancte
774 2525 894 2557 Crucis
921 2526 951 2556 in
978 2526 1031 2556 die
1059 2526 1191 2556 veneris
1217 2526 1324 2556 sancti
1353 2526 1405 2556 hic
1431 2525 1515 2556 ordo
1541 2534 1674 2565 semper
1692 2527 1854 2561 servetur,
1872 2524 1980 2564 primo
2007 2532 2081 2564 pre-

260 2588 381 2619 cedant
407 2588 569 2619 sacerdos
594 2590 624 2619 et
652 2589 804 2624 ministri,
846 2588 968 2619 deinde
1006 2588 1068 2628 ipsi
1112 2588 1326 2619 venerabiles
1351 2586 1526 2625 Canonici,
1553 2587 1685 2618 denium
1714 2587 1778 2627 ipsi
1805 2589 1918 2627 patres
1937 2586 2085 2617 Heremi—

262 2651 387 2687 mitani,
414 2659 451 2681 ac
479 2651 509 2680 in
537 2650 696 2681 omnibus
722 2651 985 2681 coiminionibus
1012 2660 1076 2690 que
1102 2651 1179 2681 fient
1205 2650 1246 2681 ad
1273 2650 1375 2681 altare
1403 2650 1512 2681 maius
1538 2650 1645 2690 primo
1673 2649 1852 2689 precedant
1879 2649 1942 2688 ipsi
1971 2650 2083 2688 patres

262 2712 478 2748 lleremitaui‚
504 2713 626 2743 deinde
654 2713 865 2744 venerabiles
892 2711 1066 2744 Canonici.
1094 2712 1131 2743 Et
1159 2713 1232 2752 ipsa
1259 2711 1427 2744 Comunio
1446 2712 1501 2743 fiat
1520 2720 1654 2751 semper
1672 2714 1748 2751 post
1767 2711 2003 2742 comunionem
2030 2718 2084 2741 sa-

263 2774 410 2805 cerdotis
437 2775 640 2806 immediate.
668 2774 755 2806 ldem
783 2775 866 2805 ordo
892 2777 1044 2806 servetur
1070 2775 1100 2805 in
1128 2775 1181 2806 die
1207 2774 1378 2811 Cineruiu,
1404 2775 1459 2814 qui
1487 2777 1517 2805 et
1544 2774 1574 2804 ih
1601 2773 1873 2804 coimmionibus.

352 2836 383 2866 ln
412 2837 692 2876 processionibus
720 2846 806 2876 quae
833 2837 863 2867 in
891 2837 1034 2868 ecelesia
1063 2837 1113 2867 vel
1141 2837 1289 2868 claustro
1316 2837 1383 2867 fieri
1411 2836 1598 2876 contigerit,
1625 2836 1688 2876 ipsi
1717 2835 1930 2866 venerabiles
1956 2834 2081 2874 Prepo—

263 2899 349 2929 situs
374 2902 403 2929 et
430 2898 592 2930 Canonici
621 2899 729 2929 locum
757 2899 944 2939 digniorem
971 2899 1143 2930 obtineant
1162 2899 1261 2930 etiarn
1289 2899 1319 2929 in
1345 2899 1520 2939 apparatis
1535 2901 1566 2929 et
1586 2898 1659 2938 ipsa
1687 2896 2084 2938 processioingrediatur

266 2970 370 3000 prope
397 2961 580 2992 claustrum
608 2961 698 2992 illius
723 2962 826 2997 chori,
854 2962 909 2992 ubi
936 2962 996 2992 erit
1022 2961 1264 2992 ebdomadaria
1292 2961 1323 2991 in
1350 2961 1403 2991 die
1430 2962 1648 2991 mortuorum.
1675 2959 1707 2990 ln
1733 2959 1853 2990 ceteris
1890 2967 1970 2990 vero
2007 2967 2085 2999 pro-

265 3024 481 3054 cessionibus
507 3024 691 3054 claustrum
718 3026 846 3055 tantum
873 3024 1080 3064 ingrediatur
1106 3023 1161 3054 ubi
1189 3024 1248 3054 erit
1274 3023 1527 3054 ebdomadaria.
1556 3021 1587 3053 ln
1615 3022 1668 3053 die
1694 3031 1774 3053 vero
1801 3021 1985 3062 palmarum
2005 3020 2084 3052 fiant
