2305 3407
1922 244 1982 275 109

170 386 229 409 nec
254 378 432 418 expectent
457 378 535 416 post
560 376 662 407 vitam
689 384 814 413 eorum,
841 376 884 406 ab
909 376 984 407 aliis
1011 384 1071 416 pro
1097 384 1132 407 se
1147 376 1352 407 elemosinas
1377 376 1469 407 fieri:
1496 378 1527 407 et
1553 385 1591 407 ea
1607 378 1744 417 propter
1769 377 1895 408 divinis
1910 386 1984 408 eru-

171 439 358 471 ditionibus
383 438 576 470 huiusmodi
603 438 785 476 admonita,
812 440 845 469 ut
871 441 947 478 post
974 439 1075 469 vitam
1091 446 1185 469 suam
1201 438 1292 478 apud
1311 436 1588 478 Omnipotentem
1616 437 1796 469 Dominum
1831 440 1979 470 omnium

172 504 322 533 reatuum
349 509 485 532 suorum
512 501 644 532 veniam
671 502 702 531 et
728 501 959 531 remissionem
986 502 1188 540 assequatur
1205 502 1236 531 et
1255 500 1436 531 remedium
1463 500 1598 531 salubre
1624 501 1733 532 anime
1759 509 1831 538 sue,
1851 503 1982 541 sponte,

172 567 232 595 etc.
259 564 299 595 de
325 564 402 595 dote
427 566 458 595 et
484 563 613 594 iuribus
639 563 711 594 suis
738 563 920 600 dotalibus,
946 572 1059 595 amore
1085 562 1145 594 Dei
1173 571 1213 593 ex
1242 571 1329 594 nunc
1356 563 1538 603 erogando,
1575 563 1689 600 cessit,
1716 563 1894 601 transtulit,
1920 566 1985 594 tra-

171 626 267 664 didit,
293 626 428 657 dedit...
454 625 638 657 reverendo
665 625 696 656 in
723 623 859 657 Christo
886 625 968 665 patri
995 625 1132 656 domino
1158 624 1247 656 fratri
1268 624 1432 656 Hieremie
1459 625 1498 656 de
1525 624 1735 665 Landulphis
1753 627 1783 656 et
1802 626 1986 657 reverendo

175 689 206 719 in
232 686 368 720 Christo
393 688 476 728 patri
503 687 640 718 domino
667 686 861 718 Hieronimo
887 688 928 718 de
956 687 1119 728 Folpertis
1145 687 1185 718 de
1212 686 1328 727 Papia,
1354 687 1491 718 domino
1516 687 1605 718 tratri
1633 686 1771 718 Iohanni
1810 687 1917 718 Marie
1944 688 1984 719 de

176 749 291 791 Papia,
317 750 454 781 domino
479 749 569 780 fratri
596 749 746 781 Aniadeo
772 750 813 781 de
839 748 1064 787 Castronovo,
1091 750 1228 780 domino
1253 749 1343 780 fratri
1372 748 1477 780 Paulo
1503 749 1543 780 de
1570 747 1674 781 Ponte
1693 752 1724 780 et
1742 749 1879 780 domino
1896 749 1986 781 fratri

175 812 351 844 Valentino
377 812 418 843 de
445 810 560 852 Papia,
596 811 754 843 fratribus
791 811 956 852 professis
982 810 1218 843 monasterii...'.
1253 811 1359 842 sancti
1387 810 1481 842 Pauli
1508 811 1660 851 predicti,
1686 809 1825 842 Ordinis
1850 810 1985 842 fratrum

176 874 417 906 Heremitarum
444 875 550 905 sancti
577 873 756 915 Augustini
783 875 824 905 de
849 874 1111 905 observantia...
1138 873 1380 914 recipientibus
1407 873 1540 904 nomine
1565 875 1596 904 et
1622 874 1695 904 vice
1722 873 1839 914 prefati
1874 882 1990 905 mona-

176 937 277 975 sterii,
303 936 326 968 il
349 936 456 968 diritto
482 936 516 968 cli
539 937 662 976 eslgere
687 937 740 967 sni
763 936 838 968 beni
861 937 895 968 cli
919 936 1051 969 Simone
1079 935 1252 971 Gallarati,
1277 935 1337 976 gis}
1361 944 1421 967 suo
1446 936 1571 971 marIto,
1592 935 1648 967 lire
1661 935 1816 967 300ale1·
1831 937 1988 976 spettanti

173 1008 233 1040 per
253 1000 328 1031 suoi
350 999 451 1030 diritti
474 999 509 1030 di
532 999 616 1036 dote,
643 999 685 1030 da
711 999 903 1039 impic’garsi'
926 1000 957 1030 in
975 998 1084 1039 fomlt',
1110 998 1162 1029 col
1185 998 1238 1029 cui
1260 998 1369 1029 ricavo
1406 998 1550 1038 singulis
1575 998 1673 1029 annis
1705 998 1873 1029 celebrare
1898 999 1992 1029 anni-

177 1062 325 1093 versaria
352 1070 412 1093 sex
439 1071 457 1093 a
484 1062 634 1099 mortuis,
673 1061 831 1093 videlicet
868 1061 928 1092 tria
966 1061 1116 1101 ipsorum
1157 1061 1464 1092 anniversariorum
1492 1069 1551 1101 pro
1577 1060 1687 1091 anima
1713 1060 1791 1091 dicti
1818 1060 1990 1100 quondam

176 1125 249 1156 eius
275 1125 380 1156 mariti
407 1126 438 1155 et
464 1124 590 1164 reliqua
616 1125 676 1155 tria
703 1133 762 1164 pro
788 1125 898 1155 anima
924 1124 1074 1155 eiusdem
1101 1124 1237 1155 domine
1263 1123 1422 1160 Lucretie,
1448 1125 1479 1154 et
1505 1123 1696 1163 incipiendo
1715 1123 1908 1154 huiusmodi
1935 1132 1993 1154 an-

177 1187 360 1218 niversaria
386 1187 554 1218 celebrare
580 1187 669 1217 omni
696 1196 785 1218 anno
811 1187 842 1217 in
869 1187 975 1227 prima
1001 1186 1192 1217 ebdomada
1219 1185 1396 1217 Adventus
1423 1184 1557 1216 Domini
1576 1187 1607 1216 et
1625 1186 1673 1216 sic
1691 1185 1887 1217 successive
1912 1194 1992 1216 con-

177 1249 340 1281 tinuando
367 1249 474 1280 donec
500 1250 573 1289 ipsa
600 1257 659 1280 sex
686 1249 917 1280 anniversaria
943 1248 1111 1280 celebrata
1138 1248 1280 1279 fuerint:
1307 1248 1595 1288 teneanturquein
1612 1248 1727 1279 missis
1743 1248 1854 1288 quein
1873 1248 1995 1279 diebus

177 1312 340 1343 dictorum
367 1312 674 1343 anniversariorum
716 1311 975 1343 celebrabuntur
1001 1319 1060 1351 per
1085 1310 1204 1342 fratres
1245 1311 1322 1342 dicti
1366 1311 1560 1341 monasterii
1598 1310 1807 1342 celebrantes
1843 1310 1993 1346 missam,

177 1374 529 1404 commemorationem
556 1376 587 1405 et
612 1382 671 1405 seu
697 1373 870 1404 collectam
896 1372 1005 1404 facere
1032 1373 1072 1404 de
1099 1373 1183 1413 ipsis
1208 1373 1286 1403 olim
1314 1373 1527 1413 iugalibus...
1556 1372 1884 1413 Etinsuper....quia
1910 1373 1996 1404 sicut

178 1436 256 1467 dum
284 1436 378 1473 vixit,
405 1437 435 1467 in
463 1436 641 1467 dilectione
667 1444 741 1467 cum
768 1435 857 1466 dicto
883 1436 955 1467 eius
981 1435 1152 1475 quondam
1180 1436 1298 1466 marito
1324 1435 1423 1473 stetit,
1451 1435 1492 1465 ita
1519 1437 1549 1466 et
1574 1435 1672 1466 etiam
1712 1443 1791 1466 ossa
1817 1443 1877 1466 sua
1903 1434 1993 1475 apud

178 1507 257 1530 ossa
284 1499 360 1529 dicti
388 1499 558 1538 quondam
585 1498 658 1530 eius
684 1498 802 1535 mariti,
829 1506 894 1538 que
921 1498 951 1528 in
978 1497 1066 1529 dicta
1092 1498 1234 1529 ecclesia
1261 1498 1393 1538 sepulta
1421 1498 1538 1535 iacent,
1554 1497 1597 1528 ita
1622 1498 1653 1528 et
1678 1497 1777 1528 etiam
1792 1497 1994 1528 ordinavit...

179 1561 270 1601 quod
297 1562 373 1601 post
398 1561 471 1592 eius
496 1560 674 1592 decessum
700 1560 850 1591 eiusdem
866 1559 1001 1590 domine
1016 1559 1165 1591 Lucretie
1185 1559 1339 1597 cadaver,
1359 1559 1642 1600 quandocumque
1658 1557 1804 1590 Domino
1823 1558 1995 1599 placuerit,

180 1623 362 1664 sepeliatur
386 1623 417 1654 in
444 1624 661 1654 monumento
687 1622 718 1653 in
745 1631 811 1663 quo
852 1623 961 1654 iacent
1001 1630 1081 1653 ossa
1122 1621 1199 1653 dicti
1242 1621 1413 1662 quondam
1440 1621 1512 1653 eius
1539 1621 1646 1652 mariti
1674 1621 1705 1652 in
1731 1621 1819 1652 dieta
1855 1621 1996 1652 ecclesia

180 1685 256 1716 dicti
285 1685 489 1722 monasterii,
514 1685 566 1716 cui
593 1685 728 1725 quidem
756 1685 972 1723 monasterio,
999 1685 1029 1715 in
1057 1686 1217 1724 quantum
1244 1684 1404 1724 expediat
1429 1686 1459 1715 et
1485 1684 1551 1715 imo
1569 1683 1610 1715 ad
1630 1684 1788 1715 maiorem
1808 1683 1996 1721 cautellam,

178 1747 325 1779 cadaver
351 1748 460 1788 ipsum
487 1756 529 1779 ex
556 1756 643 1779 nunc
670 1747 842 1779 dedicavit
867 1749 898 1778 et
923 1747 1067 1778 dedicat,

888 1948 1284 1989 DCCLXXVII.

267 2066 400 2102 Legato
425 2067 694 2095 testamentario
720 2067 755 2095 di
780 2067 941 2096 Lorenzo
967 2067 1113 2096 Buscati
1139 2075 1158 2095 a
1184 2067 1303 2095 favore
1329 2066 1363 2095 di
1390 2066 1425 2095 S.
1453 2066 1638 2102 Agostino.

832 2189 979 2220 1619,
1008 2190 1236 2220 agosto,
1269 2189 1358 2213 22.

724 2286 801 2309 (Archt
818 2285 840 2306 di
855 2285 923 2306 Statu
938 2285 960 2306 di
976 2284 1071 2306 Milano.
1088 2296 1112 2299 -
1129 2285 1233 2311 Pergam.
1250 2285 1272 2306 di
1288 2284 1310 2306 S.
1328 2285 1458 2311 Agostino),

431 2486 588 2515 ΑΟΙὸΤΕΚ7
612 2482 818 2518 Laurentius,
846 2482 1017 2523 quondam
1044 2483 1170 2513 domini
1186 2482 1345 2514 Iohannis
1360 2481 1519 2523 Philippi,
1538 2482 1714 2523 papiensis
1728 2483 1846 2513 artium
1866 2482 1995 2520 doctor,

232 2470 384 2587 M
420 2530 421 2535 ¹
450 2546 618 2578 habitator
643 2546 741 2577 castri
769 2544 931 2583 lenezani,
958 2553 1055 2576 suum
1075 2545 1225 2576 ultimum
1242 2544 1394 2576 condens
1413 2546 1659 2582 testamentum,
1678 2545 1770 2586 eligit
1788 2544 1996 2585 sepulturam

223 2645 230 2646 ἶ
337 2644 345 2645 7
448 2617 543 2640 suam
570 2609 601 2639 in
627 2608 771 2640 ecclesia
796 2610 910 2639 sancte
937 2607 1043 2639 Marie
1069 2606 1153 2638 Boni
1180 2605 1322 2639 Consilii
1352 2606 1492 2639 Ordinis
1518 2607 1758 2639 Heremitarum
1785 2607 1854 2638 divi
1882 2607 1998 2648 Augu-

181 2671 259 2702 stini
286 2673 317 2702 et
343 2671 374 2702 in
401 2671 515 2702 tumba
542 2679 600 2702 seu
627 2670 801 2711 sepultura
828 2670 858 2701 in
886 2678 951 2710 qua
993 2669 1201 2710 sepeliuntur
1237 2669 1357 2701 fratres
1393 2670 1471 2701 dicti
1509 2668 1753 2702 Conventus....
1779 2678 1853 2701 cum
1881 2670 1995 2701 nabitu

181 2733 354 2774 religionis
379 2733 458 2765 dicti
484 2734 591 2765 sancti
618 2732 797 2774 Augustini
824 2735 855 2764 et
880 2733 1013 2772 reliquit
1050 2732 1157 2764 eidem
1194 2732 1337 2764 ecclesie
1375 2741 1434 2773 pro
1471 2732 1642 2772 sepultura
1676 2732 1817 2763 ducatos
1843 2732 1929 2763 duos
1955 2732 1996 2763 de

181 2803 262 2826 auro
268 2821 318 2827 .....
345 2795 424 2827 ltem
451 2796 519 2827 iure
545 2795 644 2837 legati
671 2797 702 2827 et
727 2804 787 2836 pro
813 2795 961 2827 remedio
987 2795 1096 2826 anime
1122 2803 1182 2826 sue
1209 2794 1341 2834 reliquit
1366 2797 1397 2826 et
1423 2794 1547 2835 legavit
1571 2794 1712 2826 ecclesie
1750 2795 1855 2827 sancti
1883 2793 1997 2835 Augu-

182 2857 259 2888 stini
285 2857 326 2888 de
351 2856 457 2898 Papia
483 2858 626 2890 ducatos
651 2857 842 2898 quindecim
868 2857 909 2888 de
934 2865 1060 2888 auro....
1086 2858 1147 2888 etc.

271 2918 389 2951 Actum
416 2919 565 2951 lenezani
592 2919 788 2951 Prenestine
813 2919 972 2957 diocesiS,
999 2919 1030 2950 in
1057 2917 1220 2950 parochia
1246 2919 1352 2950 sancti
1379 2917 1486 2957 Pauli,
1513 2919 1544 2950 in
1569 2919 1671 2950 domo
1697 2919 1823 2950 domini
1843 2918 1994 2949 leronimi

184 2980 414 3022 Mastrangeli.
441 2981 562 3014 Testes
588 2982 747 3023 magister
773 2981 987 3013 Hieronimus
1012 2981 1053 3012 de
1080 2980 1320 3021 Mastrangelis
1338 2982 1369 3012 et
1384 2981 1544 3021 magister
1570 2979 1720 3021 Angelus
1734 2979 1927 3011 Trafilieri‘?
1943 2976 1995 3019 (1)

240 3138 270 3161 (Ι)
285 3137 366 3162 Questi
382 3138 426 3159 due
449 3138 556 3165 Religiosi
580 3144 639 3160 sono
655 3139 840 3165 probabilmente
864 3138 893 3159 da
915 3138 1058 3159 identificare
1113 3143 1156 3158 con
1172 3137 1230 3159 irate
1252 3137 1376 3159 Gerolamo
1400 3137 1429 3158 da
1454 3136 1601 3162 Genazzano,
1617 3137 1638 3157 di
1654 3136 1690 3157 cui
1706 3136 1727 3157 ia
1742 3141 1815 3157 eenno
1837 3136 1850 3156 il
1873 3135 1988 3161 TORELu,
