2305 3407
1935 233 1978 265 99

948 444 1208 485 DCCLXI.

250 554 277 582 11
304 553 466 590 Capitolo
492 553 526 581 di
553 553 588 581 S.
616 553 789 588 Agostino
814 558 985 589 permette
1012 555 1074 582 che
1101 554 1121 581 l'
1140 553 1318 589 Ospedale
1344 554 1379 582 di
1406 554 1439 581 S.
1467 554 1600 581 Matteo
1618 553 1825 582 trasferisca
1844 553 1975 582 l'onere

162 606 196 634 di
222 615 266 634 un
292 615 399 635 censo
425 615 531 634 verso
557 605 579 634 il
605 606 785 634 Convento
811 607 845 634 in
871 616 914 635 un
941 607 1132 635 affittuario
1159 607 1251 635 dello
1278 612 1395 635 stesso
1422 607 1613 643 Ospedale.

821 729 965 759 1517,
994 729 1239 761 ginagxxo,
1268 729 1342 753 18.

689 818 761 838 (Arch.
779 817 831 838 Not.
849 818 870 837 di
888 817 957 838 Pavia
1014 818 1060 838 Atn
1077 818 1097 837 di
1115 818 1171 838 Gian
1189 806 1301 843 Ag'osnno
1318 818 1445 838 Morascol

400 966 402 985 l

230 1002 353 1119 N
407 1020 450 1046 ΕΙ.
477 1015 629 1056 Capitolo
655 1016 689 1047 cli
713 1015 744 1047 S.
772 1016 942 1055 Agostino.
970 1016 1117 1048 Siccome
1139 1019 1403 1056 pertcstmnento
1418 1016 1453 1047 a'i
1471 1015 1557 1048 Giun
1575 1016 1757 1047 Domenico
1778 1015 1978 1055 Gczzzaniga

400 1071 401 1074 ¹
430 1078 482 1110 del
509 1079 601 1114 1484,
627 1078 675 1109 27
693 1079 830 1118 giugno,
872 1081 988 1118 rogato
1026 1079 1069 1109 αά
1108 1078 1194 1110 Οιάη
1222 1077 1383 1110 Giacomo
1412 1077 1582 1111 Canevari.
1620 1078 1641 1109 l'
1655 1078 1747 1109 erede
1783 1078 1974 1114 uniuersale,

400 1158 401 1175 2
429 1141 520 1171 ossia
545 1140 566 1171 I'
582 1140 748 1180 Ospedale
773 1140 807 1171 ‹ii
831 1139 863 1171 S.
890 1140 1024 1177 Mm‘teo,
1051 1149 1104 1171 era
1130 1140 1300 1180 obblignto
1326 1150 1345 1171 u
1367 1149 1494 1181 pagare
1512 1142 1591 1179 ogni
1608 1150 1694 1171 cinno
1712 1141 1746 1171 nl
1762 1143 1919 1172 convento
1944 1141 1979 1172 cll

158 1203 190 1236 S.
216 1204 378 1243 Agostino
405 1203 467 1234 ciue
492 1203 605 1234 saccln'
630 1203 663 1233 cii
680 1202 847 1242 frumento
873 1202 937 1233 ulle
962 1202 1097 1233 cunr-nie
1123 1203 1156 1234 di
1181 1203 1318 1242 Agosto,
1360 1203 1428 1233 cosi
1449 1212 1510 1243 pm·
1532 1203 1680 1234 libernrsi
1705 1203 1747 1234 cla
1773 1203 1837 1234 tale
1867 1212 1976 1235 annul)

156 1274 251 1296 onere
277 1265 297 1296 l'
314 1265 481 1305 Ospedale
507 1265 616 1299 tradit.
650 1265 706 1295 dat
732 1266 762 1295 et
789 1265 973 1304 assignat...
1012 1265 1150 1295 domino
1189 1266 1349 1305 magistro
1387 1264 1501 1296 Guido
1539 1265 1685 1296 Antonio
1711 1266 1752 1296 de
1780 1265 1976 1297 Mediolano

157 1328 325 1367 subpriori
364 1328 441 1358 dicti
481 1327 718 1358 monasterii....
757 1327 917 1366 magistro
956 1325 1167 1358 Bertolaineo
1205 1328 1245 1358 de
1284 1327 1464 1358 Valniaclia
1490 1326 1714 1366 (camellam),
1742 1329 1902 1368 magistro
1930 1328 1978 1359 lo-

160 1390 260 1420 lianni
288 1389 500 1421 Bartolonieo
527 1390 567 1420 de
594 1388 785 1421 Castelacio
823 1390 1040 1428 procuratori,
1079 1390 1238 1429 magistro
1277 1388 1424 1421 Gabrieli
1451 1390 1491 1420 de
1520 1389 1634 1429 Papia,
1676 1391 1836 1430 magistro
1879 1389 1976 1421 Petro

158 1452 199 1483 de
225 1450 450 1489 Castr0n0v0‚
478 1453 638 1492 magistro
664 1450 828 1492 Gregorio
854 1451 895 1482 de
923 1451 1092 1487 Vercellis,
1121 1452 1280 1492 magistro
1314 1451 1477 1484 leronirno
1503 1452 1543 1482 de
1571 1452 1682 1486 Lenta,
1721 1453 1880 1492 magistro
1908 1452 1975 1483 Au-

157 1515 293 1555 gustino
318 1515 359 1545 de
386 1513 591 1545 Pedeinonte
618 1515 742 1555 regenti
769 1512 994 1553 (cancellato),
1022 1522 1080 1544 nec
1107 1523 1218 1545 non...
1244 1514 1333 1545 fratri
1362 1514 1509 1545 Antonio
1529 1515 1569 1545 de
1590 1514 1768 1546 Provincia
1796 1515 1976 1552 bacalario,

155 1576 246 1607 fratri
273 1575 491 1617 Sigisinondo
516 1577 558 1607 de
585 1576 783 1607 Mediolano
810 1576 935 1613 lectori,
962 1575 1052 1606 fratri
1081 1575 1234 1606 Nicholle
1261 1577 1300 1607 de
1327 1574 1551 1617 Carniagnola
1580 1577 1692 1608 lectori
1721 1577 1880 1617 magistro
1907 1579 1977 1607 stu-

153 1638 319 1675 denciuni,
345 1637 435 1669 fratri
463 1638 599 1669 Iohanni
628 1638 748 1669 Iacobo
775 1638 815 1669 de
843 1638 872 1669 la
900 1637 1039 1669 Marclia
1077 1639 1216 1675 cursori,
1254 1638 1343 1669 tratri
1384 1638 1655 1679 Micliaelangelo
1696 1639 1736 1669 de
1779 1638 1975 1669 Mediolano

154 1701 293 1738 cursori,
320 1700 409 1732 fratri
436 1699 584 1731 Antonio
610 1700 650 1731 de
677 1699 882 1731 Alexandria
908 1701 1046 1737 cursori,
1074 1700 1163 1731 fratri
1191 1700 1342 1732 Ansanio
1368 1701 1408 1732 de
1435 1700 1636 1742 Codignola,
1662 1701 1752 1732 fratri
1773 1701 1909 1732 Aurelio
1935 1702 1976 1732 de

155 1760 285 1794 Candia
311 1760 534 1802 (cancellato),
562 1763 651 1794 fratri
678 1762 810 1794 Andree
837 1763 877 1794 de
905 1762 1021 1803 Papia,
1060 1763 1150 1794 fratri
1190 1763 1380 1804 Augustino
1418 1764 1458 1794 de
1495 1762 1671 1799 Cremona,
1710 1764 1798 1795 fratri
1837 1764 1974 1795 lolianni

157 1824 301 1856 Antonio
327 1825 368 1856 de
393 1823 597 1863 Castelacio,
623 1825 714 1857 fratri
741 1824 879 1857 Stefano
906 1826 946 1857 de
973 1827 1147 1866 provincia
1174 1825 1363 1863 provincie,
1401 1826 1490 1857 fratri
1529 1826 1697 1857 Toinaxio
1738 1827 1859 1867 galico,
1886 1826 1974 1857 fratri

155 1885 318 1918 Clementi
346 1887 465 1927 galico,
491 1887 581 1919 fratri
608 1886 712 1919 Orfeo
739 1888 779 1919 (16
807 1888 978 1924 Vercellis,
1004 1888 1094 1919 fratri
1121 1887 1242 1919 Blaxio
1269 1888 1310 1919 de
1337 1887 1512 1919 Alaniania
1553 1886 1780 1927 (cancellato),
1809 1888 1899 1919 fratri
1928 1888 1975 1919 la-

155 1949 241 1980 eobo
266 1949 307 1981 de
334 1949 520 1988 Alainania‚
546 1950 634 1981 fratri
671 1950 807 1982 Iohanni
836 1950 956 1981 lacobo
982 1951 1023 1982 de
1050 1950 1224 1991 GropeHo,
1265 1950 1355 1982 fratri
1398 1949 1535 1982 Stefano
1562 1952 1603 1982 de
1630 1951 1742 1987 Lenta,
1784 1951 1873 1982 fratri
1901 1951 1977 1982 Α16-

161 2012 290 2042 xandro
317 2012 357 2043 de
384 2012 591 2049 Mediolano,
617 2012 707 2044 fratri
751 2012 928 2044 Francisco
955 2013 995 2044 de
1022 2012 1128 2053 Papia
1155 2016 1185 2044 et
1211 2013 1301 2045 fratri
1344 2013 1501 2045 Teodoro
1528 2014 1567 2044 de
1594 2013 1752 2051 Novaria,
1774 2014 1832 2054 ριίἰ
1857 2014 1891 2045 cli
1914 2014 1976 2045 due

157 2073 237 2103 terzi
260 2073 313 2104 del
339 2072 502 2113 Capitolo‚
528 2082 570 2104 zm
595 2083 692 2105 censo
717 2074 752 2105 cii
775 2075 838 2106 due
862 2074 976 2106 sacch!
1000 2075 1034 2106 di
1050 2075 1217 2115 frumento
1243 2076 1301 2107 che
1326 2077 1356 2107 si
1374 2085 1468 2116 paga
1494 2076 1558 2107 alle
1583 2076 1718 2107 culena'e
1742 2076 1777 2107 cii
1800 2076 1976 2116 agostocla

158 2133 360 2166 Bernardino
386 2135 428 2166 (ἰα
455 2135 608 2171 Binasco,
648 2136 815 2168 habitator
852 2137 914 2168 loci
953 2136 1114 2175 Ollezule‚
1148 2146 1209 2178 per
1242 2138 1358 2169 alcime
1395 2140 1473 2169 terre
1498 2139 1529 2169 in
1555 2140 1669 2177 questo
1707 2138 1805 2177 luogo
1831 2138 1872 2169 ed
1895 2138 1975 2169 altre

160 2197 191 2227 in
219 2195 382 2236 Gropello.

923 2372 1209 2413 DCCLXII.

248 2488 274 2515 11
301 2488 463 2524 Capitolo
488 2489 522 2517 di
550 2489 582 2520 S.
610 2489 720 2517 Paolo
746 2490 863 2518 riceve
890 2490 913 2517 il
938 2499 1067 2526 prezzo
1093 2491 1127 2519 di
1154 2491 1295 2519 vendita
1321 2491 1355 2519 di
1381 2500 1448 2519 una
1475 2500 1572 2520 casa.

828 2611 973 2641 1617,
1002 2614 1230 2644 agg-osto,
1260 2613 1311 2637 ¹7.

708 2709 774 2729 Α1611,
792 2709 864 2729 Norat
889 2709 910 2729 ili
928 2709 996 2729 Pavia
1064 2709 1110 2729 Atti
1127 2710 1147 2729 di
1166 2709 1307 2730 Bernardino
1325 2710 1443 2734 Landolli).

178 2840 181 2984 ι
263 2878 310 2993 I
398 2909 429 2948 ,N
455 2906 657 2937 monasterio
698 2907 802 2937 sancti
845 2905 938 2937 Pauli
980 2909 1073 2937 extra
1099 2909 1129 2937 et
1156 2915 1260 2946 prope
1287 2907 1395 2938 nienia
1422 2906 1538 2947 papie,
1580 2907 1736 2938 videlicet
1762 2908 1792 2937 in
1819 2908 1972 2938 sacristia

179 2987 181 3012 l
398 2951 399 2964 ἵ
427 2969 514 2999 (11616
539 2969 725 3000 ecclesie...
752 2967 995 3000 Convocatm..
1022 2967 1225 3009 Capitium..
1264 2970 1294 3000 in
1332 2978 1444 3009 qud...
1482 2969 1657 3000 fuerunt...
1685 2970 1888 3000 reverendus
1915 2970 1973 3000 do-

428 3031 537 3062 rninus
573 3030 671 3062 frater
709 3030 915 3062 Deflendens
951 3032 991 3062 (16
1029 3031 1185 3071 Vigueria
1212 3030 1305 3062 Prior
1329 3034 1458 3063 etcum
1485 3042 1568 3064 6()....
1603 3032 1812 3063 venerabiles
1844 3033 1970 3063 domini

161 3091 260 3123 frater
286 3091 455 3124 Arnadeus
480 3093 520 3124 de
546 3091 760 3124 Castronovo
786 3094 942 3131 vicarius,
968 3093 1068 3125 frater
1095 3093 1291 3134 Hyereniias
1317 3094 1357 3125 (16
1385 3093 1501 3134 Papia,
1541 3094 1638 3125 frater
1672 3094 1836 3125 lohannes
1863 3094 1969 3125 Maria
